agg_trade_id,price,quantity,first_trade_id,last_trade_id,transact_time,is_buyer_maker
6978029,0.2423000,220,16380824,16380824,1677715200131,false
6978030,0.2422000,2731,16380825,16380827,1677715205015,true
6978031,0.2423000,126,16380828,16380828,1677715205023,false
6978032,0.2422000,435,16380829,16380830,1677715205042,true
6978033,0.2422000,705,16380831,16380831,1677715205143,true
6978034,0.2423000,9452,16380832,16380838,1677715207471,false
6978035,0.2424000,11188,16380839,16380845,1677715207471,false
6978036,0.2425000,2106,16380846,16380846,1677715207542,false
6978037,0.2423000,1000,16380847,16380848,1677715207802,true
6978038,0.2422000,709,16380849,16380849,1677715207802,true
6978039,0.2423000,541,16380850,16380851,1677715208118,false
6978040,0.2422000,640,16380852,16380852,1677715208192,true
6978041,0.2422000,2670,16380853,16380854,1677715208312,true
6978042,0.2423000,638,16380855,16380855,1677715208455,false
6978043,0.2424000,3045,16380856,16380856,1677715208455,false
6978044,0.2425000,1398,16380857,16380859,1677715208455,false
6978045,0.2424000,703,16380860,16380861,1677715208887,true
6978046,0.2423000,1613,16380862,16380863,1677715208887,true
6978047,0.2423000,3507,16380864,16380866,1677715209033,true
6978048,0.2423000,460,16380867,16380867,1677715209175,true
6978049,0.2425000,425,16380868,16380868,1677715209232,false
6978050,0.2426000,448,16380869,16380869,1677715209232,false
6978051,0.2425000,567,16380870,16380871,1677715210841,true
6978052,0.2423000,514,16380872,16380872,1677715211702,true
6978053,0.2423000,1053,16380873,16380874,1677715212663,true
6978054,0.2424000,1136,16380875,16380876,1677715214536,false
6978055,0.2424000,1444,16380877,16380877,1677715214652,false
6978056,0.2424000,1257,16380878,16380879,1677715214744,true
6978057,0.2423000,1394,16380880,16380880,1677715214841,true
6978058,0.2423000,1451,16380881,16380883,1677715215741,true
6978059,0.2424000,5443,16380884,16380886,1677715215891,false
6978060,0.2425000,1419,16380887,16380887,1677715216663,false
6978061,0.2425000,1205,16380888,16380888,1677715217930,false
6978062,0.2425000,1112,16380889,16380890,1677715218601,false
6978063,0.2425000,10897,16380891,16380898,1677715218734,false
6978064,0.2425000,1559,16380899,16380901,1677715218839,false
6978065,0.2426000,429,16380902,16380903,1677715222617,false
6978066,0.2426000,1643,16380904,16380907,1677715224041,false
6978067,0.2426000,1453,16380908,16380908,1677715224776,false
6978068,0.2426000,2637,16380909,16380912,1677715225614,false
6978069,0.2426000,635,16380913,16380914,1677715226771,true
6978070,0.2427000,4883,16380915,16380918,1677715229029,false
6978071,0.2427000,616,16380919,16380919,1677715229734,false
6978072,0.2427000,661,16380920,16380921,1677715229833,true
6978073,0.2428000,1093,16380922,16380923,1677715229906,false
6978074,0.2427000,147,16380924,16380924,1677715231345,true
6978075,0.2427000,2360,16380925,16380926,1677715231488,true
6978076,0.2428000,1406,16380927,16380928,1677715231743,false
6978077,0.2427000,5915,16380929,16380933,1677715235076,true
6978078,0.2427000,1656,16380934,16380935,1677715235668,false
6978079,0.2427000,849,16380936,16380936,1677715236874,false
6978080,0.2426000,1336,16380937,16380938,1677715236929,true
6978081,0.2427000,1718,16380939,16380939,1677715241341,false
6978082,0.2427000,3426,16380940,16380942,1677715246710,false
6978083,0.2427000,430,16380943,16380944,1677715249230,false
6978084,0.2427000,418,16380945,16380946,1677715249911,false
6978085,0.2426000,45,16380947,16380947,1677715251252,true
6978086,0.2427000,427,16380948,16380948,1677715256419,false
6978087,0.2427000,1276,16380949,16380950,1677715257147,false
6978088,0.2426000,20681,16380951,16380962,1677715260298,true
6978089,0.2425000,1741,16380963,16380965,1677715260347,true
6978090,0.2424000,2787,16380966,16380971,1677715260350,true
6978091,0.2423000,10403,16380972,16380979,1677715260351,true
6978092,0.2424000,11063,16380980,16380989,1677715262998,false
6978093,0.2425000,789,16380990,16380991,1677715263760,false
6978094,0.2426000,102,16380992,16380992,1677715263760,false
6978095,0.2425000,329,16380993,16380993,1677715267319,false
6978096,0.2424000,631,16380994,16380995,1677715267909,true
6978097,0.2423000,2024,16380996,16380996,1677715267909,true
6978098,0.2424000,83,16380997,16380997,1677715268134,false
6978099,0.2424000,427,16380998,16380999,1677715268529,false
6978100,0.2423000,686,16381000,16381001,1677715268649,true
6978101,0.2422000,131,16381002,16381002,1677715268649,true
6978102,0.2423000,1415,16381003,16381003,1677715268715,false
6978103,0.2424000,6379,16381004,16381006,1677715268802,false
6978104,0.2423000,1188,16381007,16381007,1677715270786,true
6978105,0.2424000,460,16381008,16381008,1677715270786,false
6978106,0.2423000,504,16381009,16381009,1677715272420,true
6978107,0.2423000,2657,16381010,16381011,1677715272667,true
6978108,0.2422000,844,16381012,16381012,1677715272667,true
6978109,0.2422000,1251,16381013,16381013,1677715275183,true
6978110,0.2422000,5753,16381014,16381014,1677715275516,true
6978111,0.2422000,842,16381015,16381015,1677715276621,true
6978112,0.2423000,1171,16381016,16381016,1677715276734,false
6978113,0.2423000,427,16381017,16381017,1677715278785,false
6978114,0.2423000,539,16381018,16381019,1677715279937,false
6978115,0.2424000,3192,16381020,16381022,1677715279937,false
6978116,0.2423000,500,16381023,16381023,1677715279937,true
6978117,0.2422000,100,16381024,16381024,1677715279937,true
6978118,0.2423000,8932,16381025,16381029,1677715281071,false
6978119,0.2424000,991,16381030,16381031,1677715285781,true
6978120,0.2424000,7247,16381032,16381035,1677715287576,false
6978121,0.2423000,827,16381036,16381037,1677715287662,true
6978122,0.2424000,304,16381038,16381038,1677715288299,false
6978123,0.2424000,57,16381039,16381039,1677715290154,false
6978124,0.2424000,68,16381040,16381040,1677715291132,false
6978125,0.2424000,427,16381041,16381041,1677715292952,false
6978126,0.2423000,904,16381042,16381043,1677715293019,true
6978127,0.2424000,3065,16381044,16381046,1677715293614,false
6978128,0.2424000,981,16381047,16381048,1677715298614,true
6978129,0.2425000,427,16381049,16381049,1677715300074,false
6978130,0.2424000,690,16381050,16381050,1677715300602,true
6978131,0.2424000,2655,16381051,16381054,1677715303294,true
6978132,0.2425000,2444,16381055,16381057,1677715305672,false
6978133,0.2425000,825,16381058,16381058,1677715305829,false
6978134,0.2425000,178,16381059,16381060,1677715306606,false
6978135,0.2424000,5,16381061,16381061,1677715306832,true
6978136,0.2425000,468,16381062,16381062,1677715308223,false
6978137,0.2424000,3802,16381063,16381063,1677715308299,true
6978138,0.2425000,10014,16381064,16381069,1677715310250,false
6978139,0.2425000,1938,16381070,16381070,1677715312084,false
6978140,0.2425000,360,16381071,16381072,1677715313279,false
6978141,0.2426000,758,16381073,16381074,1677715313279,false
6978142,0.2425000,7863,16381075,16381080,1677715313298,true
6978143,0.2425000,9722,16381081,16381087,1677715313372,false
6978144,0.2425000,1110,16381088,16381088,1677715313497,true
6978145,0.2426000,1285,16381089,16381090,1677715313516,false
6978146,0.2427000,3971,16381091,16381092,1677715313516,false
6978147,0.2427000,255,16381093,16381093,1677715315417,false
6978148,0.2426000,806,16381094,16381095,1677715315559,true
6978149,0.2425000,527,16381096,16381096,1677715315559,true
6978150,0.2425000,1060,16381097,16381097,1677715318858,true
6978151,0.2426000,1052,16381098,16381098,1677715318912,false
6978152,0.2427000,131,16381099,16381099,1677715318912,false
6978153,0.2426000,412,16381100,16381100,1677715319081,true
6978154,0.2427000,100,16381101,16381101,1677715319463,false
6978155,0.2426000,2068,16381102,16381105,1677715320947,true
6978156,0.2426000,3210,16381106,16381108,1677715321462,true
6978157,0.2425000,537,16381109,16381109,1677715322718,true
6978158,0.2426000,4662,16381110,16381113,1677715326538,false
6978159,0.2427000,5109,16381114,16381116,1677715326538,false
6978160,0.2425000,11270,16381117,16381123,1677715327891,true
6978161,0.2425000,96,16381124,16381124,1677715333277,false
6978162,0.2424000,250,16381125,16381125,1677715335336,true
6978163,0.2424000,779,16381126,16381126,1677715335676,true
6978164,0.2424000,428,16381127,16381127,1677715335933,true
6978165,0.2425000,582,16381128,16381128,1677715336674,false
6978166,0.2424000,11778,16381129,16381130,1677715337469,true
6978167,0.2423000,2285,16381131,16381134,1677715340334,true
6978168,0.2424000,770,16381135,16381136,1677715340648,false
6978169,0.2424000,1453,16381137,16381137,1677715342274,false
6978170,0.2424000,96,16381138,16381138,1677715343391,false
6978171,0.2424000,2851,16381139,16381141,1677715344911,false
6978172,0.2424000,7846,16381142,16381147,1677715350165,false
6978173,0.2425000,2717,16381148,16381152,1677715350201,false
6978174,0.2425000,304,16381153,16381153,1677715350229,true
6978175,0.2425000,5950,16381154,16381156,1677715350232,false
6978176,0.2426000,96,16381157,16381157,1677715350493,false
6978177,0.2425000,710,16381158,16381159,1677715352596,true
6978178,0.2425000,2187,16381160,16381161,1677715358894,true
6978179,0.2426000,96,16381162,16381162,1677715361654,false
6978180,0.2426000,19721,16381163,16381165,1677715362795,false
6978181,0.2425000,1136,16381166,16381166,1677715362822,true
6978182,0.2426000,924,16381167,16381167,1677715362862,false
6978183,0.2425000,2665,16381168,16381168,1677715363605,true
6978184,0.2426000,685,16381169,16381169,1677715367058,false
6978185,0.2426000,412,16381170,16381170,1677715367795,false
6978186,0.2426000,96,16381171,16381171,1677715374368,false
6978187,0.2426000,1065,16381172,16381172,1677715376182,false
6978188,0.2426000,571,16381173,16381176,1677715382562,false
6978189,0.2425000,456,16381177,16381178,1677715383619,true
6978190,0.2425000,432,16381179,16381180,1677715384990,true
6978191,0.2425000,429,16381181,16381182,1677715387449,true
6978192,0.2425000,597,16381183,16381184,1677715387659,true
6978193,0.2425000,1407,16381185,16381185,1677715389133,true
6978194,0.2425000,412,16381186,16381186,1677715392079,true
6978195,0.2426000,455,16381187,16381187,1677715394725,false
6978196,0.2426000,7995,16381188,16381196,1677715395171,false
6978197,0.2427000,9957,16381197,16381205,1677715395171,false
6978198,0.2427000,4609,16381206,16381209,1677715395286,true
6978199,0.2427000,670,16381210,16381211,1677715395361,false
6978200,0.2426000,248,16381212,16381213,1677715396720,true
6978201,0.2425000,801,16381214,16381214,1677715396720,true
6978202,0.2426000,143,16381215,16381215,1677715400955,false
6978203,0.2427000,276,16381216,16381217,1677715400955,false
6978204,0.2426000,3357,16381218,16381220,1677715406488,true
6978205,0.2425000,9213,16381221,16381225,1677715406488,true
6978206,0.2426000,482,16381226,16381226,1677715407645,false
6978207,0.2425000,662,16381227,16381227,1677715407664,true
6978208,0.2426000,2469,16381228,16381231,1677715407802,false
6978209,0.2425000,3223,16381232,16381234,1677715408882,true
6978210,0.2425000,6758,16381235,16381239,1677715410067,true
6978211,0.2424000,711,16381240,16381240,1677715410823,true
6978212,0.2423000,1265,16381241,16381241,1677715410823,true
6978213,0.2424000,113,16381242,16381242,1677715411115,false
6978214,0.2423000,1594,16381243,16381243,1677715420423,true
6978215,0.2423000,1357,16381244,16381245,1677715420745,true
6978216,0.2423000,831,16381246,16381246,1677715423327,true
6978217,0.2424000,8223,16381247,16381255,1677715426682,false
6978218,0.2424000,4053,16381256,16381260,1677715426709,true
6978219,0.2423000,1373,16381261,16381261,1677715426737,true
6978220,0.2424000,112,16381262,16381262,1677715429314,false
6978221,0.2423000,1581,16381263,16381264,1677715429413,true
6978222,0.2422000,29449,16381265,16381270,1677715429451,true
6978223,0.2421000,6925,16381271,16381278,1677715429484,true
6978224,0.2420000,1723,16381279,16381281,1677715430549,true
6978225,0.2419000,339,16381282,16381283,1677715430549,true
6978226,0.2419000,6217,16381284,16381289,1677715432400,true
6978227,0.2418000,9137,16381290,16381297,1677715432401,true
6978228,0.2417000,19638,16381298,16381306,1677715432401,true
6978229,0.2416000,2523,16381307,16381309,1677715432401,true
6978230,0.2417000,557,16381310,16381310,1677715432420,true
6978231,0.2416000,12644,16381311,16381318,1677715432434,true
6978232,0.2415000,1338,16381319,16381320,1677715432626,true
6978233,0.2415000,4026,16381321,16381326,1677715433069,true
6978234,0.2414000,101,16381327,16381328,1677715433069,true
6978235,0.2414000,112,16381329,16381329,1677715435715,true
6978236,0.2414000,406,16381330,16381332,1677715439071,true
6978237,0.2415000,564,16381333,16381334,1677715440123,false
6978238,0.2415000,3812,16381335,16381337,1677715441121,false
6978239,0.2416000,5466,16381338,16381342,1677715441139,false
6978240,0.2417000,6113,16381343,16381349,1677715441166,false
6978241,0.2417000,500,16381350,16381350,1677715441210,true
6978242,0.2416000,814,16381351,16381352,1677715441210,true
6978243,0.2417000,3502,16381353,16381356,1677715441235,false
6978244,0.2418000,99,16381357,16381357,1677715442104,false
6978245,0.2418000,1168,16381358,16381359,1677715442211,false
6978246,0.2419000,13563,16381360,16381367,1677715442211,false
6978247,0.2420000,5879,16381368,16381369,1677715442211,false
6978248,0.2420000,417,16381370,16381370,1677715443107,false
6978249,0.2421000,277,16381371,16381371,1677715443107,false
6978250,0.2420000,2324,16381372,16381374,1677715446884,true
6978251,0.2419000,8256,16381375,16381379,1677715447429,true
6978252,0.2418000,8275,16381380,16381385,1677715447429,true
6978253,0.2417000,1228,16381386,16381387,1677715447533,true
6978254,0.2416000,417,16381388,16381388,1677715447533,true
6978255,0.2415000,4123,16381389,16381393,1677715447533,true
6978256,0.2416000,2481,16381394,16381396,1677715447551,false
6978257,0.2415000,460,16381397,16381397,1677715447576,true
6978258,0.2416000,1382,16381398,16381401,1677715449014,false
6978259,0.2417000,2804,16381402,16381403,1677715450040,false
6978260,0.2418000,14852,16381404,16381413,1677715450040,false
6978261,0.2419000,1167,16381414,16381415,1677715450040,false
6978262,0.2419000,8601,16381416,16381423,1677715452392,true
6978263,0.2419000,11,16381424,16381424,1677715453586,true
6978264,0.2416000,982,16381425,16381425,1677715457123,true
6978265,0.2415000,3398,16381426,16381429,1677715457123,true
6978266,0.2415000,539,16381430,16381430,1677715462026,false
6978267,0.2416000,9896,16381431,16381439,1677715462026,false
6978268,0.2417000,2485,16381440,16381443,1677715462026,false
6978269,0.2416000,1842,16381444,16381444,1677715471039,true
6978270,0.2415000,776,16381445,16381446,1677715471039,true
6978271,0.2416000,34,16381447,16381447,1677715471112,false
6978272,0.2416000,1409,16381448,16381449,1677715471869,false
6978273,0.2417000,97,16381450,16381450,1677715472109,false
6978274,0.2416000,1385,16381451,16381452,1677715473744,true
6978275,0.2417000,1241,16381453,16381453,1677715475076,false
6978276,0.2415000,1727,16381454,16381459,1677715480190,false
6978277,0.2416000,302,16381460,16381460,1677715483578,true
6978278,0.2415000,1203,16381461,16381461,1677715489270,true
6978279,0.2415000,1081,16381462,16381462,1677715489652,true
6978280,0.2415000,542,16381463,16381463,1677715492142,true
6978281,0.2415000,426,16381464,16381464,1677715492883,true
6978282,0.2415000,890,16381465,16381465,1677715499439,true
6978283,0.2414000,8121,16381466,16381471,1677715499442,true
6978284,0.2414000,160,16381472,16381472,1677715500134,false
6978285,0.2413000,3014,16381473,16381477,1677715501068,true
6978286,0.2412000,6334,16381478,16381485,1677715501068,true
6978287,0.2411000,11563,16381486,16381497,1677715501068,true
6978288,0.2412000,255,16381498,16381498,1677715501129,false
6978289,0.2412000,317,16381499,16381500,1677715502193,false
6978290,0.2412000,3092,16381501,16381503,1677715502534,false
6978291,0.2413000,50,16381504,16381504,1677715502884,true
6978292,0.2412000,825,16381505,16381506,1677715505964,true
6978293,0.2411000,127,16381507,16381507,1677715505964,true
6978294,0.2411000,2479,16381508,16381510,1677715506080,true
6978295,0.2410000,5166,16381511,16381516,1677715507541,true
6978296,0.2410000,449,16381517,16381517,1677715508622,true
6978297,0.2410000,1004,16381518,16381518,1677715509603,true
6978298,0.2411000,1156,16381519,16381520,1677715510516,false
6978299,0.2412000,6281,16381521,16381529,1677715510534,false
6978300,0.2412000,2525,16381530,16381532,1677715510562,true
6978301,0.2413000,2669,16381533,16381534,1677715510670,false
6978302,0.2413000,1995,16381535,16381536,1677715513825,false
6978303,0.2414000,585,16381537,16381537,1677715513853,false
6978304,0.2416000,159,16381538,16381538,1677715518826,true
6978305,0.2417000,40,16381539,16381539,1677715520750,false
6978306,0.2417000,598,16381540,16381540,1677715521736,false
6978307,0.2416000,3188,16381541,16381546,1677715524561,true
6978308,0.2416000,63,16381547,16381547,1677715528590,true
6978309,0.2416000,683,16381548,16381549,1677715529858,false
6978310,0.2416000,137,16381550,16381550,1677715530504,false
6978311,0.2417000,22,16381551,16381551,1677715531227,false
6978312,0.2417000,329,16381552,16381552,1677715531441,false
6978313,0.2417000,332,16381553,16381553,1677715532426,false
6978314,0.2417000,384,16381554,16381554,1677715533427,false
6978315,0.2416000,850,16381555,16381555,1677715533504,true
6978316,0.2417000,5365,16381556,16381559,1677715535149,false
6978317,0.2419000,140,16381560,16381560,1677715539852,false
6978318,0.2417000,2685,16381561,16381562,1677715543700,true
6978319,0.2418000,500,16381563,16381563,1677715543851,true
6978320,0.2418000,147,16381564,16381564,1677715549238,false
6978321,0.2418000,25,16381565,16381566,1677715551022,false
6978322,0.2419000,109,16381567,16381568,1677715551022,false
6978323,0.2418000,512,16381569,16381570,1677715552109,true
6978324,0.2418000,7173,16381571,16381574,1677715554326,true
6978325,0.2418000,103,16381575,16381575,1677715555646,false
6978326,0.2417000,142,16381576,16381576,1677715557520,false
6978327,0.2417000,625,16381577,16381577,1677715557639,false
6978328,0.2417000,216,16381578,16381578,1677715560158,false
6978329,0.2417000,3786,16381579,16381582,1677715560427,true
6978330,0.2416000,7330,16381583,16381588,1677715560428,true
6978331,0.2416000,63,16381589,16381589,1677715561151,false
6978332,0.2416000,134,16381590,16381590,1677715561287,false
6978333,0.2416000,511,16381591,16381592,1677715562174,false
6978334,0.2415000,452,16381593,16381593,1677715562820,true
6978335,0.2416000,609,16381594,16381595,1677715563067,false
6978336,0.2416000,50,16381596,16381596,1677715564089,false
6978337,0.2416000,142,16381597,16381597,1677715567673,false
6978338,0.2415000,2729,16381598,16381602,1677715570082,true
6978339,0.2416000,134,16381603,16381603,1677715571381,false
6978340,0.2416000,465,16381604,16381604,1677715573646,false
6978341,0.2416000,1919,16381605,16381606,1677715575956,false
6978342,0.2416000,134,16381607,16381607,1677715579495,false
6978343,0.2415000,657,16381608,16381608,1677715581302,true
6978344,0.2415000,142,16381609,16381609,1677715581788,false
6978345,0.2414000,137,16381610,16381610,1677715583708,true
6978346,0.2414000,625,16381611,16381613,1677715583843,false
6978347,0.2413000,142,16381614,16381614,1677715589890,false
6978348,0.2413000,282,16381615,16381615,1677715590158,false
6978349,0.2413000,219,16381616,16381616,1677715591121,false
6978350,0.2413000,219,16381617,16381617,1677715592120,false
6978351,0.2413000,218,16381618,16381618,1677715593088,false
6978352,0.2413000,288,16381619,16381620,1677715593594,false
6978353,0.2413000,219,16381621,16381622,1677715594075,false
6978354,0.2413000,465,16381623,16381623,1677715597576,false
6978355,0.2413000,2236,16381624,16381626,1677715598165,false
6978356,0.2414000,142,16381627,16381627,1677715598999,false
6978357,0.2413000,1665,16381628,16381629,1677715599094,true
6978358,0.2414000,161,16381630,16381630,1677715601626,false
6978359,0.2414000,134,16381631,16381632,1677715601832,false
6978360,0.2414000,154,16381633,16381633,1677715602941,false
6978361,0.2414000,2519,16381634,16381635,1677715609722,false
6978362,0.2414000,936,16381636,16381636,1677715609779,true
6978363,0.2415000,603,16381637,16381639,1677715610106,false
6978364,0.2415000,465,16381640,16381640,1677715610757,false
6978365,0.2415000,883,16381641,16381642,1677715615563,false
6978366,0.2416000,3312,16381643,16381645,1677715618849,false
6978367,0.2416000,1106,16381646,16381648,1677715619011,false
6978368,0.2416000,154,16381649,16381649,1677715620300,false
6978369,0.2416000,118,16381650,16381650,1677715621386,false
6978370,0.2416000,226,16381651,16381651,1677715624067,false
6978371,0.2415000,688,16381652,16381652,1677715625040,true
6978372,0.2416000,465,16381653,16381653,1677715625460,false
6978373,0.2415000,1553,16381654,16381656,1677715627273,true
6978374,0.2415000,154,16381657,16381658,1677715629410,false
6978375,0.2415000,173,16381659,16381659,1677715630738,false
6978376,0.2415000,116,16381660,16381660,1677715632524,false
6978377,0.2415000,827,16381661,16381662,1677715633060,false
6978378,0.2415000,154,16381663,16381663,1677715637517,false
6978379,0.2415000,607,16381664,16381665,1677715639594,false
6978380,0.2415000,116,16381666,16381666,1677715640655,false
6978381,0.2414000,1541,16381667,16381667,1677715642935,true
6978382,0.2414000,104,16381668,16381668,1677715646111,true
6978383,0.2414000,997,16381669,16381669,1677715647357,true
6978384,0.2415000,4809,16381670,16381673,1677715648002,false
6978385,0.2415000,10317,16381674,16381680,1677715648138,true
6978386,0.2416000,1507,16381681,16381683,1677715649490,true
6978387,0.2417000,465,16381684,16381684,1677715650754,false
6978388,0.2417000,258,16381685,16381685,1677715654399,false
6978389,0.2417000,203,16381686,16381686,1677715654600,false
6978390,0.2417000,116,16381687,16381687,1677715654791,false
6978391,0.2416000,1164,16381688,16381689,1677715665772,true
6978392,0.2417000,1142,16381690,16381692,1677715668980,false
6978393,0.2418000,958,16381693,16381694,1677715670421,true
6978394,0.2419000,116,16381695,16381695,1677715680704,false
6978395,0.2419000,429,16381696,16381696,1677715682957,false
6978396,0.2418000,1764,16381697,16381699,1677715687603,true
6978397,0.2417000,2515,16381700,16381702,1677715687603,true
6978398,0.2418000,1270,16381703,16381706,1677715690818,false
6978399,0.2418000,151,16381707,16381708,1677715695354,false
6978400,0.2419000,160,16381709,16381709,1677715695354,false
6978401,0.2417000,1166,16381710,16381710,1677715697527,true
6978402,0.2417000,2072,16381711,16381713,1677715712593,true
6978403,0.2416000,1105,16381714,16381714,1677715712593,true
6978404,0.2416000,666,16381715,16381715,1677715713509,true
6978405,0.2416000,5659,16381716,16381720,1677715713718,true
6978406,0.2415000,16423,16381721,16381728,1677715713718,true
6978407,0.2415000,234,16381729,16381729,1677715721787,false
6978408,0.2414000,4245,16381730,16381730,1677715734311,true
6978409,0.2413000,1764,16381731,16381731,1677715734311,true
6978410,0.2414000,862,16381732,16381733,1677715734963,false
6978411,0.2413000,2003,16381734,16381735,1677715740560,true
6978412,0.2413000,2500,16381736,16381740,1677715741099,false
6978413,0.2413000,65,16381741,16381741,1677715742139,false
6978414,0.2413000,444,16381742,16381742,1677715742583,false
6978415,0.2413000,66,16381743,16381743,1677715743100,false
6978416,0.2413000,487,16381744,16381744,1677715743489,false
6978417,0.2413000,65,16381745,16381745,1677715744062,false
6978418,0.2413000,943,16381746,16381747,1677715747867,true
6978419,0.2414000,159,16381748,16381748,1677715753393,false
6978420,0.2413000,206,16381749,16381749,1677715764172,true
6978421,0.2414000,13926,16381750,16381753,1677715764175,false
6978422,0.2414000,1592,16381754,16381754,1677715767053,true
6978423,0.2414000,3587,16381755,16381758,1677715771455,true
6978424,0.2414000,1349,16381759,16381760,1677715775453,false
6978425,0.2414000,536,16381761,16381761,1677715778048,true
6978426,0.2415000,132,16381762,16381762,1677715781702,false
6978427,0.2413000,22,16381763,16381763,1677715793105,true
6978428,0.2414000,816,16381764,16381765,1677715797802,false
6978429,0.2414000,27,16381766,16381766,1677715800153,false
6978430,0.2413000,56,16381767,16381768,1677715801444,true
6978431,0.2414000,417,16381769,16381769,1677715803012,false
6978432,0.2413000,132,16381770,16381770,1677715822752,true
6978433,0.2413000,298,16381771,16381771,1677715830124,true
6978434,0.2414000,176,16381772,16381772,1677715832336,false
6978435,0.2414000,1646,16381773,16381773,1677715834733,false
6978436,0.2414000,252,16381774,16381774,1677715871836,false
6978437,0.2413000,10550,16381775,16381789,1677715872094,true
6978438,0.2413000,283,16381790,16381791,1677715872285,true
6978439,0.2412000,4001,16381792,16381796,1677715873744,true
6978440,0.2411000,13102,16381797,16381802,1677715874844,true
6978441,0.2410000,5721,16381803,16381805,1677715874844,true
6978442,0.2411000,1000,16381806,16381806,1677715874941,false
6978443,0.2411000,2841,16381807,16381809,1677715879002,false
6978444,0.2410000,13213,16381810,16381819,1677715879121,true
6978445,0.2410000,1000,16381820,16381821,1677715883672,false
6978446,0.2410000,1000,16381822,16381823,1677715884071,false
6978447,0.2410000,3000,16381824,16381826,1677715884173,false
6978448,0.2410000,4000,16381827,16381830,1677715884379,false
6978449,0.2410000,14535,16381831,16381836,1677715884571,false
6978450,0.2411000,2000,16381837,16381838,1677715884671,false
6978451,0.2411000,10647,16381839,16381841,1677715887690,false
6978452,0.2412000,1127,16381842,16381843,1677715887713,false
6978453,0.2413000,6608,16381844,16381848,1677715887713,false
6978454,0.2414000,2660,16381849,16381853,1677715887733,false
6978455,0.2415000,4686,16381854,16381857,1677715887811,false
6978456,0.2415000,551,16381858,16381858,1677715889507,false
6978457,0.2414000,903,16381859,16381860,1677715889555,true
6978458,0.2414000,112,16381861,16381861,1677715890109,true
6978459,0.2414000,309,16381862,16381862,1677715895378,true
6978460,0.2413000,1988,16381863,16381867,1677715895378,true
6978461,0.2413000,1787,16381868,16381871,1677715905509,true
6978462,0.2413000,873,16381872,16381874,1677715907747,true
6978463,0.2414000,484,16381875,16381875,1677715922616,false
6978464,0.2413000,607,16381876,16381879,1677715933263,true
6978465,0.2413000,3462,16381880,16381882,1677715938437,true
6978466,0.2413000,4150,16381883,16381888,1677715939244,false
6978467,0.2412000,2890,16381889,16381890,1677715955368,true
6978468,0.2411000,7863,16381891,16381901,1677715955370,true
6978469,0.2410000,2941,16381902,16381906,1677715966728,true
6978470,0.2409000,5012,16381907,16381914,1677715970083,true
6978471,0.2409000,2966,16381915,16381916,1677715970318,true
6978472,0.2408000,1198,16381917,16381917,1677715970318,true
6978473,0.2408000,10952,16381918,16381930,1677715980127,true
6978474,0.2408000,463,16381931,16381931,1677715982655,false
6978475,0.2408000,596,16381932,16381932,1677715982960,false
6978476,0.2408000,16495,16381933,16381934,1677715985247,false
6978477,0.2408000,11792,16381935,16381942,1677715985263,true
6978478,0.2409000,716,16381943,16381943,1677715985273,false
6978479,0.2410000,4124,16381944,16381947,1677715985350,false
6978480,0.2411000,1747,16381948,16381948,1677715985350,false
6978481,0.2412000,105,16381949,16381949,1677715985957,false
6978482,0.2410000,2171,16381950,16381953,1677715987680,true
6978483,0.2409000,1179,16381954,16381956,1677715987680,true
6978484,0.2409000,2469,16381957,16381959,1677715995089,true
6978485,0.2409000,5276,16381960,16381962,1677716007065,true
6978486,0.2408000,4417,16381963,16381967,1677716007089,true
6978487,0.2407000,2721,16381968,16381973,1677716009084,true
6978488,0.2406000,559,16381974,16381975,1677716012052,true
6978489,0.2406000,1441,16381976,16381976,1677716014012,true
6978490,0.2407000,8312,16381977,16381982,1677716018282,false
6978491,0.2406000,1201,16381983,16381983,1677716021536,true
6978492,0.2406000,5321,16381984,16381992,1677716022373,true
6978493,0.2406000,574,16381993,16381994,1677716022396,false
6978494,0.2406000,7264,16381995,16381998,1677716033373,true
6978495,0.2405000,5033,16381999,16382009,1677716042505,true
6978496,0.2404000,2936,16382010,16382010,1677716042505,true
6978497,0.2405000,455,16382011,16382011,1677716042913,false
6978498,0.2404000,2468,16382012,16382017,1677716044527,true
6978499,0.2405000,750,16382018,16382019,1677716049632,false
6978500,0.2405000,3801,16382020,16382027,1677716049745,false
6978501,0.2405000,6434,16382028,16382029,1677716049905,false
6978502,0.2406000,1381,16382030,16382032,1677716050090,false
6978503,0.2405000,2972,16382033,16382038,1677716053590,true
6978504,0.2406000,315,16382039,16382039,1677716053923,false
6978505,0.2405000,1436,16382040,16382043,1677716065958,true
6978506,0.2405000,4278,16382044,16382051,1677716078669,true
6978507,0.2404000,1573,16382052,16382054,1677716080323,true
6978508,0.2403000,8225,16382055,16382059,1677716081060,true
6978509,0.2402000,4548,16382060,16382063,1677716081060,true
6978510,0.2403000,1190,16382064,16382065,1677716081229,false
6978511,0.2403000,1460,16382066,16382067,1677716081414,false
6978512,0.2403000,1280,16382068,16382068,1677716081616,false
6978513,0.2403000,1340,16382069,16382069,1677716091093,false
6978514,0.2402000,3553,16382070,16382075,1677716094811,true
6978515,0.2402000,1830,16382076,16382076,1677716094934,false
6978516,0.2402000,1220,16382077,16382077,1677716095041,false
6978517,0.2402000,2210,16382078,16382079,1677716095185,false
6978518,0.2401000,8726,16382080,16382087,1677716095383,true
6978519,0.2400000,18233,16382088,16382106,1677716095383,true
6978520,0.2399000,8332,16382107,16382110,1677716095383,true
6978521,0.2400000,3605,16382111,16382117,1677716095498,false
6978522,0.2400000,624,16382118,16382118,1677716096309,false
6978523,0.2400000,325,16382119,16382119,1677716097029,true
6978524,0.2399000,7061,16382120,16382121,1677716097919,true
6978525,0.2399000,336,16382122,16382122,1677716098063,true
6978526,0.2399000,217,16382123,16382123,1677716099101,true
6978527,0.2399000,3643,16382124,16382128,1677716099566,true
6978528,0.2399000,5677,16382129,16382131,1677716100153,false
6978529,0.2399000,13897,16382132,16382136,1677716100314,false
6978530,0.2399000,5081,16382137,16382138,1677716100434,false
6978531,0.2400000,4283,16382139,16382142,1677716100611,false
6978532,0.2400000,718,16382143,16382143,1677716100772,false
6978533,0.2400000,237,16382144,16382144,1677716101871,false
6978534,0.2400000,8293,16382145,16382149,1677716102132,false
6978535,0.2401000,812,16382150,16382151,1677716102262,false
6978536,0.2400000,40,16382152,16382152,1677716102729,true
6978537,0.2401000,842,16382153,16382154,1677716102819,false
6978538,0.2401000,5781,16382155,16382159,1677716105294,true
6978539,0.2400000,9557,16382160,16382169,1677716109073,true
6978540,0.2399000,1619,16382170,16382172,1677716109073,true
6978541,0.2400000,724,16382173,16382174,1677716109630,false
6978542,0.2400000,1357,16382175,16382176,1677716110786,false
6978543,0.2401000,1586,16382177,16382178,1677716115517,false
6978544,0.2402000,517,16382179,16382180,1677716115517,false
6978545,0.2401000,106,16382181,16382181,1677716118074,true
6978546,0.2401000,445,16382182,16382182,1677716119985,true
6978547,0.2401000,428,16382183,16382184,1677716120513,true
6978548,0.2401000,805,16382185,16382186,1677716121535,false
6978549,0.2401000,80,16382187,16382187,1677716122736,false
6978550,0.2400000,32,16382188,16382188,1677716130190,true
6978551,0.2400000,23,16382189,16382189,1677716131098,true
6978552,0.2400000,188,16382190,16382190,1677716161496,true
6978553,0.2401000,2574,16382191,16382194,1677716165269,false
6978554,0.2401000,2969,16382195,16382197,1677716165438,false
6978555,0.2401000,3787,16382198,16382199,1677716165646,false
6978556,0.2402000,777,16382200,16382201,1677716170330,true
6978557,0.2403000,3147,16382202,16382205,1677716170954,false
6978558,0.2404000,11421,16382206,16382207,1677716171997,true
6978559,0.2404000,3424,16382208,16382209,1677716172725,false
6978560,0.2405000,2436,16382210,16382211,1677716172725,false
6978561,0.2406000,7778,16382212,16382217,1677716175190,false
6978562,0.2407000,3398,16382218,16382223,1677716175190,false
6978563,0.2406000,7973,16382224,16382230,1677716175219,true
6978564,0.2405000,5984,16382231,16382233,1677716180969,true
6978565,0.2405000,1008,16382234,16382235,1677716181235,true
6978566,0.2404000,552,16382236,16382236,1677716188847,true
6978567,0.2403000,223,16382237,16382237,1677716190067,true
6978568,0.2403000,223,16382238,16382238,1677716191047,true
6978569,0.2403000,5926,16382239,16382240,1677716195677,true
6978570,0.2402000,5239,16382241,16382245,1677716195690,true
6978571,0.2402000,5006,16382246,16382252,1677716197476,false
6978572,0.2403000,5410,16382253,16382256,1677716197476,false
6978573,0.2402000,104,16382257,16382257,1677716207631,true
6978574,0.2402000,92,16382258,16382258,1677716211330,true
6978575,0.2403000,722,16382259,16382259,1677716232650,false
6978576,0.2403000,172,16382260,16382260,1677716244406,false
6978577,0.2402000,3100,16382261,16382261,1677716246457,true
6978578,0.2401000,9665,16382262,16382264,1677716255864,false
6978579,0.2401000,815,16382265,16382265,1677716255973,false
6978580,0.2402000,500,16382266,16382266,1677716256484,false
6978581,0.2403000,426,16382267,16382268,1677716257347,true
6978582,0.2403000,2416,16382269,16382270,1677716257646,true
6978583,0.2402000,1360,16382271,16382271,1677716263027,true
6978584,0.2402000,1360,16382272,16382272,1677716263223,true
6978585,0.2402000,2715,16382273,16382275,1677716268826,true
6978586,0.2401000,823,16382276,16382277,1677716272270,true
6978587,0.2402000,177,16382278,16382278,1677716274023,false
6978588,0.2402000,478,16382279,16382279,1677716282744,false
6978589,0.2402000,959,16382280,16382281,1677716283096,false
6978590,0.2402000,331,16382282,16382282,1677716287153,false
6978591,0.2402000,7381,16382283,16382286,1677716288514,false
6978592,0.2403000,2360,16382287,16382289,1677716288516,false
6978593,0.2405000,534,16382290,16382290,1677716290117,false
6978594,0.2405000,1567,16382291,16382292,1677716290538,false
6978595,0.2406000,1125,16382293,16382293,1677716292223,false
6978596,0.2407000,1953,16382294,16382295,1677716293334,false
6978597,0.2408000,629,16382296,16382297,1677716293790,false
6978598,0.2407000,4906,16382298,16382300,1677716294496,true
6978599,0.2407000,7214,16382301,16382305,1677716295134,true
6978600,0.2407000,2441,16382306,16382306,1677716295249,true
6978601,0.2407000,1172,16382307,16382308,1677716295576,true
6978602,0.2407000,113,16382309,16382309,1677716295784,true
6978603,0.2406000,2008,16382310,16382313,1677716296159,true
6978604,0.2407000,1703,16382314,16382316,1677716299111,false
6978605,0.2408000,834,16382317,16382317,1677716300004,true
6978606,0.2408000,287,16382318,16382318,1677716301149,true
6978607,0.2408000,1057,16382319,16382320,1677716304584,false
6978608,0.2409000,5929,16382321,16382328,1677716304744,true
6978609,0.2408000,2739,16382329,16382331,1677716304796,true
6978610,0.2408000,753,16382332,16382332,1677716308599,false
6978611,0.2409000,870,16382333,16382335,1677716310218,true
6978612,0.2408000,305,16382336,16382336,1677716311135,true
6978613,0.2408000,94,16382337,16382337,1677716312120,true
6978614,0.2408000,500,16382338,16382338,1677716312401,false
6978615,0.2409000,2529,16382339,16382341,1677716313853,true
6978616,0.2409000,1819,16382342,16382346,1677716319573,true
6978617,0.2409000,1640,16382347,16382348,1677716323463,false
6978618,0.2409000,2278,16382349,16382350,1677716324022,true
6978619,0.2408000,7540,16382351,16382354,1677716325719,true
6978620,0.2407000,2876,16382355,16382356,1677716325719,true
6978621,0.2407000,500,16382357,16382357,1677716329568,false
6978622,0.2408000,557,16382358,16382358,1677716332256,false
6978623,0.2409000,7776,16382359,16382361,1677716332256,false
6978624,0.2409000,500,16382362,16382362,1677716332335,true
6978625,0.2408000,558,16382363,16382363,1677716334218,false
6978626,0.2409000,1000,16382364,16382365,1677716334276,true
6978627,0.2409000,703,16382366,16382367,1677716341420,false
6978628,0.2409000,558,16382368,16382369,1677716344398,true
6978629,0.2409000,30,16382370,16382370,1677716352016,false
6978630,0.2408000,1201,16382371,16382374,1677716352746,true
6978631,0.2407000,1147,16382375,16382376,1677716352782,true
6978632,0.2406000,3233,16382377,16382382,1677716358122,false
6978633,0.2407000,130,16382383,16382383,1677716358736,true
6978634,0.2407000,688,16382384,16382385,1677716358906,true
6978635,0.2406000,558,16382386,16382386,1677716363113,true
6978636,0.2405000,7699,16382387,16382388,1677716363113,true
6978637,0.2405000,4426,16382389,16382393,1677716365721,false
6978638,0.2406000,6169,16382394,16382397,1677716365721,false
6978639,0.2407000,130,16382398,16382398,1677716365721,false
6978640,0.2405000,5181,16382399,16382401,1677716366308,true
6978641,0.2404000,1800,16382402,16382403,1677716380939,true
6978642,0.2404000,3589,16382404,16382407,1677716389309,false
6978643,0.2405000,868,16382408,16382409,1677716389311,false
6978644,0.2406000,75,16382410,16382410,1677716392152,false
6978645,0.2407000,2047,16382411,16382413,1677716392192,true
6978646,0.2406000,4011,16382414,16382418,1677716392204,true
6978647,0.2405000,759,16382419,16382420,1677716399190,false
6978648,0.2404000,413,16382421,16382421,1677716400354,true
6978649,0.2403000,2713,16382422,16382424,1677716400354,true
6978650,0.2404000,1927,16382425,16382426,1677716400627,false
6978651,0.2404000,881,16382427,16382427,1677716404391,false
6978652,0.2404000,1601,16382428,16382428,1677716408552,false
6978653,0.2405000,881,16382429,16382431,1677716409871,false
6978654,0.2405000,4059,16382432,16382435,1677716412992,false
6978655,0.2405000,249,16382436,16382436,1677716413115,false
6978656,0.2406000,54,16382437,16382437,1677716420791,false
6978657,0.2406000,1998,16382438,16382438,1677716421236,false
6978658,0.2406000,945,16382439,16382439,1677716421809,false
6978659,0.2406000,790,16382440,16382440,1677716423509,false
6978660,0.2409000,171,16382441,16382441,1677716435972,true
6978661,0.2408000,1075,16382442,16382443,1677716435972,true
6978662,0.2408000,1120,16382444,16382444,1677716438030,true
6978663,0.2408000,250,16382445,16382445,1677716438289,false
6978664,0.2408000,3609,16382446,16382449,1677716443648,true
6978665,0.2407000,7116,16382450,16382455,1677716443649,true
6978666,0.2408000,849,16382456,16382456,1677716445863,false
6978667,0.2409000,2612,16382457,16382460,1677716445863,false
6978668,0.2410000,6912,16382461,16382467,1677716445863,false
6978669,0.2409000,963,16382468,16382468,1677716446146,true
6978670,0.2408000,277,16382469,16382470,1677716449350,true
6978671,0.2408000,676,16382471,16382471,1677716458319,false
6978672,0.2410000,488,16382472,16382472,1677716462716,false
6978673,0.2410000,731,16382473,16382473,1677716463226,false
6978674,0.2410000,625,16382474,16382474,1677716463761,false
6978675,0.2409000,2833,16382475,16382478,1677716468471,true
6978676,0.2409000,1364,16382479,16382479,1677716472465,false
6978677,0.2409000,442,16382480,16382480,1677716472767,false
6978678,0.2410000,1413,16382481,16382483,1677716477138,false
6978679,0.2411000,3532,16382484,16382485,1677716477234,false
6978680,0.2411000,1348,16382486,16382486,1677716482181,false
6978681,0.2412000,2597,16382487,16382490,1677716482181,false
6978682,0.2412000,3916,16382491,16382492,1677716488076,false
6978683,0.2413000,2068,16382493,16382494,1677716488076,false
6978684,0.2412000,55,16382495,16382495,1677716491059,true
6978685,0.2412000,55,16382496,16382496,1677716492144,true
6978686,0.2413000,1704,16382497,16382498,1677716505129,false
6978687,0.2413000,750,16382499,16382499,1677716516413,true
6978688,0.2414000,2828,16382500,16382504,1677716522294,false
6978689,0.2415000,446,16382505,16382506,1677716522782,false
6978690,0.2415000,964,16382507,16382507,1677716523736,false
6978691,0.2415000,1246,16382508,16382508,1677716524377,false
6978692,0.2415000,4524,16382509,16382513,1677716528646,true
6978693,0.2415000,1382,16382514,16382514,1677716529407,false
6978694,0.2415000,325,16382515,16382515,1677716529608,false
6978695,0.2416000,1207,16382516,16382518,1677716531178,false
6978696,0.2415000,2849,16382519,16382521,1677716532290,false
6978697,0.2416000,8795,16382522,16382525,1677716532290,false
6978698,0.2417000,3972,16382526,16382527,1677716532291,false
6978699,0.2418000,1845,16382528,16382532,1677716532291,false
6978700,0.2419000,3191,16382533,16382533,1677716532291,false
6978701,0.2415000,714,16382534,16382534,1677716532554,false
6978702,0.2416000,512,16382535,16382536,1677716539847,true
6978703,0.2415000,111,16382537,16382537,1677716541570,true
6978704,0.2415000,111,16382538,16382538,1677716541832,false
6978705,0.2415000,137,16382539,16382539,1677716550081,true
6978706,0.2416000,272,16382540,16382540,1677716551184,true
6978707,0.2415000,209,16382541,16382541,1677716552164,true
6978708,0.2415000,192,16382542,16382542,1677716557971,true
6978709,0.2414000,65,16382543,16382543,1677716557971,true
6978710,0.2415000,1283,16382544,16382544,1677716558968,false
6978711,0.2416000,4745,16382545,16382547,1677716558968,false
6978712,0.2417000,2253,16382548,16382549,1677716558968,false
6978713,0.2416000,803,16382550,16382551,1677716559103,true
6978714,0.2415000,500,16382552,16382552,1677716562546,false
6978715,0.2415000,500,16382553,16382553,1677716565320,false
6978716,0.2415000,107,16382554,16382554,1677716571777,true
6978717,0.2417000,100,16382555,16382555,1677716586494,true
6978718,0.2418000,6201,16382556,16382558,1677716590638,true
6978719,0.2417000,2255,16382559,16382559,1677716592327,true
6978720,0.2417000,2211,16382560,16382561,1677716592511,true
6978721,0.2417000,141,16382562,16382562,1677716610153,true
6978722,0.2418000,8122,16382563,16382567,1677716610894,false
6978723,0.2418000,1132,16382568,16382570,1677716610913,true
6978724,0.2417000,77,16382571,16382571,1677716611146,true
6978725,0.2418000,141,16382572,16382572,1677716612120,true
6978726,0.2417000,42,16382573,16382573,1677716613106,true
6978727,0.2418000,981,16382574,16382576,1677716616835,true
6978728,0.2418000,50,16382577,16382577,1677716622792,false
6978729,0.2417000,331,16382578,16382578,1677716631350,true
6978730,0.2417000,6066,16382579,16382582,1677716633205,true
6978731,0.2416000,649,16382583,16382583,1677716643764,false
6978732,0.2415000,318,16382584,16382584,1677716644280,true
6978733,0.2415000,69,16382585,16382585,1677716645206,true
6978734,0.2415000,3451,16382586,16382586,1677716649331,true
6978735,0.2415000,6409,16382587,16382593,1677716660837,true
6978736,0.2414000,413,16382594,16382594,1677716661166,true
6978737,0.2414000,2300,16382595,16382598,1677716662113,false
6978738,0.2414000,180,16382599,16382599,1677716663888,false
6978739,0.2414000,569,16382600,16382601,1677716665754,false
6978740,0.2413000,111,16382602,16382602,1677716676650,true
6978741,0.2414000,50,16382603,16382603,1677716680023,false
6978742,0.2413000,8281,16382604,16382604,1677716682269,true
6978743,0.2413000,1968,16382605,16382606,1677716686059,true
6978744,0.2412000,193,16382607,16382607,1677716688971,true
6978745,0.2413000,318,16382608,16382608,1677716690807,false
6978746,0.2412000,250,16382609,16382609,1677716692597,true
6978747,0.2412000,577,16382610,16382610,1677716698778,true
6978748,0.2411000,3121,16382611,16382614,1677716700415,true
6978749,0.2412000,633,16382615,16382616,1677716704434,false
6978750,0.2412000,414,16382617,16382617,1677716705362,false
6978751,0.2412000,8150,16382618,16382622,1677716707245,false
6978752,0.2412000,483,16382623,16382623,1677716713303,true
6978753,0.2412000,107,16382624,16382624,1677716713706,false
6978754,0.2411000,633,16382625,16382625,1677716714973,true
6978755,0.2410000,60,16382626,16382626,1677716715784,true
6978756,0.2410000,609,16382627,16382628,1677716716527,true
6978757,0.2410000,632,16382629,16382629,1677716716860,true
6978758,0.2409000,556,16382630,16382631,1677716718508,true
6978759,0.2409000,1203,16382632,16382633,1677716720131,false
6978760,0.2409000,197,16382634,16382634,1677716720522,false
6978761,0.2410000,421,16382635,16382636,1677716721155,true
6978762,0.2411000,572,16382637,16382637,1677716721514,false
6978763,0.2410000,572,16382638,16382638,1677716724208,true
6978764,0.2410000,1000,16382639,16382639,1677716743014,false
6978765,0.2409000,325,16382640,16382640,1677716758303,true
6978766,0.2408000,4044,16382641,16382648,1677716758353,true
6978767,0.2408000,132,16382649,16382649,1677716764233,false
6978768,0.2407000,540,16382650,16382651,1677716765858,true
6978769,0.2407000,3808,16382652,16382654,1677716767717,false
6978770,0.2408000,468,16382655,16382655,1677716771130,false
6978771,0.2408000,172,16382656,16382656,1677716779037,true
6978772,0.2408000,3256,16382657,16382659,1677716799544,false
6978773,0.2409000,299,16382660,16382660,1677716803005,false
6978774,0.2409000,75,16382661,16382661,1677716808284,false
6978775,0.2408000,64,16382662,16382662,1677716822406,false
6978776,0.2408000,4151,16382663,16382664,1677716823522,false
6978777,0.2408000,1870,16382665,16382665,1677716823814,false
6978778,0.2409000,45,16382666,16382666,1677716824347,false
6978779,0.2409000,2,16382667,16382667,1677716824614,false
6978780,0.2409000,64,16382668,16382668,1677716826843,false
6978781,0.2408000,660,16382669,16382669,1677716828713,true
6978782,0.2409000,3025,16382670,16382673,1677716845463,false
6978783,0.2410000,5661,16382674,16382675,1677716845474,false
6978784,0.2411000,13112,16382676,16382682,1677716845501,false
6978785,0.2412000,5304,16382683,16382688,1677716845517,false
6978786,0.2413000,205,16382689,16382689,1677716855556,true
6978787,0.2414000,25,16382690,16382690,1677716859608,false
6978788,0.2413000,1726,16382691,16382691,1677716859951,true
6978789,0.2413000,89,16382692,16382692,1677716862912,true
6978790,0.2414000,24,16382693,16382693,1677716864695,false
6978791,0.2413000,489,16382694,16382694,1677716882659,true
6978792,0.2413000,1846,16382695,16382696,1677716882875,true
6978793,0.2412000,493,16382697,16382697,1677716882967,true
6978794,0.2412000,468,16382698,16382699,1677716883518,true
6978795,0.2413000,43,16382700,16382700,1677716884684,false
6978796,0.2413000,1015,16382701,16382703,1677716890128,false
6978797,0.2414000,14442,16382704,16382709,1677716890128,false
6978798,0.2414000,3841,16382710,16382714,1677716892651,false
6978799,0.2412000,167,16382715,16382715,1677716906322,true
6978800,0.2412000,2261,16382716,16382719,1677716913124,false
6978801,0.2413000,1000,16382720,16382721,1677716916296,true
6978802,0.2412000,4381,16382722,16382727,1677716920614,true
6978803,0.2412000,2039,16382728,16382731,1677716921676,false
6978804,0.2413000,250,16382732,16382732,1677716922133,false
6978805,0.2413000,1232,16382733,16382733,1677716927238,false
6978806,0.2414000,557,16382734,16382734,1677716944314,true
6978807,0.2412000,2717,16382735,16382736,1677716957822,true
6978808,0.2412000,4473,16382737,16382739,1677716971287,false
6978809,0.2413000,5448,16382740,16382744,1677716979429,false
6978810,0.2414000,16840,16382745,16382753,1677716979429,false
6978811,0.2414000,201,16382754,16382754,1677716984443,true
6978812,0.2413000,1040,16382755,16382756,1677716984444,true
6978813,0.2413000,1917,16382757,16382757,1677716985522,true
6978814,0.2413000,3793,16382758,16382761,1677716993950,false
6978815,0.2413000,70,16382762,16382762,1677716998141,true
6978816,0.2413000,7160,16382763,16382767,1677717000248,false
6978817,0.2414000,1807,16382768,16382769,1677717000248,false
6978818,0.2413000,4663,16382770,16382770,1677717000307,false
6978819,0.2414000,5280,16382771,16382773,1677717000307,false
6978820,0.2415000,13005,16382774,16382780,1677717000307,false
6978821,0.2414000,3108,16382781,16382782,1677717000325,true
6978822,0.2415000,1144,16382783,16382785,1677717000342,true
6978823,0.2415000,2289,16382786,16382786,1677717000452,true
6978824,0.2414000,193,16382787,16382787,1677717000958,false
6978825,0.2415000,193,16382788,16382788,1677717002558,true
6978826,0.2414000,5338,16382789,16382790,1677717002558,true
6978827,0.2415000,165,16382791,16382791,1677717002644,false
6978828,0.2415000,616,16382792,16382792,1677717002965,false
6978829,0.2415000,1195,16382793,16382794,1677717003995,false
6978830,0.2416000,57,16382795,16382796,1677717005467,false
6978831,0.2417000,5581,16382797,16382802,1677717005467,false
6978832,0.2417000,757,16382803,16382803,1677717005502,true
6978833,0.2417000,774,16382804,16382805,1677717005748,false
6978834,0.2417000,968,16382806,16382807,1677717009734,true
6978835,0.2417000,2812,16382808,16382810,1677717012597,false
6978836,0.2416000,7785,16382811,16382816,1677717015155,true
6978837,0.2416000,4139,16382817,16382819,1677717018061,false
6978838,0.2415000,552,16382820,16382820,1677717022375,true
6978839,0.2415000,584,16382821,16382821,1677717022592,true
6978840,0.2415000,48,16382822,16382822,1677717029762,true
6978841,0.2416000,2465,16382823,16382827,1677717037766,false
6978842,0.2417000,180,16382828,16382829,1677717046533,false
6978843,0.2417000,412,16382830,16382830,1677717057400,false
6978844,0.2417000,890,16382831,16382832,1677717058394,false
6978845,0.2418000,1068,16382833,16382837,1677717061626,false
6978846,0.2418000,321,16382838,16382838,1677717061732,false
6978847,0.2419000,2967,16382839,16382842,1677717063564,false
6978848,0.2420000,3382,16382843,16382847,1677717065093,false
6978849,0.2421000,405,16382848,16382849,1677717065093,false
6978850,0.2420000,1653,16382850,16382852,1677717065279,false
6978851,0.2420000,325,16382853,16382853,1677717065324,true
6978852,0.2420000,318,16382854,16382854,1677717072876,true
6978853,0.2419000,3072,16382855,16382859,1677717073784,true
6978854,0.2419000,3635,16382860,16382866,1677717073898,true
6978855,0.2418000,1000,16382867,16382868,1677717076374,false
6978856,0.2418000,1742,16382869,16382871,1677717076616,false
6978857,0.2418000,1103,16382872,16382872,1677717082745,true
6978858,0.2418000,1257,16382873,16382873,1677717083415,false
6978859,0.2417000,2859,16382874,16382874,1677717087541,true
6978860,0.2416000,828,16382875,16382875,1677717096032,true
6978861,0.2416000,1721,16382876,16382878,1677717116084,true
6978862,0.2416000,930,16382879,16382879,1677717132996,false
6978863,0.2416000,3080,16382880,16382882,1677717133241,false
6978864,0.2419000,379,16382883,16382883,1677717137413,true
6978865,0.2419000,1042,16382884,16382884,1677717138546,false
6978866,0.2420000,853,16382885,16382885,1677717138546,false
6978867,0.2420000,127,16382886,16382886,1677717150157,true
6978868,0.2419000,131,16382887,16382887,1677717151139,true
6978869,0.2419000,130,16382888,16382888,1677717152141,true
6978870,0.2419000,129,16382889,16382889,1677717153184,true
6978871,0.2420000,563,16382890,16382890,1677717154026,false
6978872,0.2421000,4326,16382891,16382895,1677717154026,false
6978873,0.2422000,9353,16382896,16382901,1677717154026,false
6978874,0.2423000,7327,16382902,16382908,1677717154026,false
6978875,0.2422000,563,16382909,16382909,1677717154049,false
6978876,0.2423000,3719,16382910,16382912,1677717155088,false
6978877,0.2424000,1812,16382913,16382917,1677717155088,false
6978878,0.2423000,500,16382918,16382918,1677717155107,true
6978879,0.2422000,617,16382919,16382921,1677717157093,true
6978880,0.2422000,794,16382922,16382923,1677717160971,true
6978881,0.2421000,1832,16382924,16382927,1677717160971,true
6978882,0.2420000,13215,16382928,16382933,1677717169212,true
6978883,0.2419000,6420,16382934,16382943,1677717198055,true
6978884,0.2419000,214,16382944,16382945,1677717200309,true
6978885,0.2417000,573,16382946,16382947,1677717202072,true
6978886,0.2416000,843,16382948,16382948,1677717202462,true
6978887,0.2415000,135,16382949,16382949,1677717208985,true
6978888,0.2415000,90,16382950,16382950,1677717210056,true
6978889,0.2415000,150,16382951,16382951,1677717212596,true
6978890,0.2416000,4341,16382952,16382956,1677717213644,false
6978891,0.2416000,532,16382957,16382957,1677717235326,true
6978892,0.2415000,10,16382958,16382958,1677717235326,true
6978893,0.2416000,4889,16382959,16382961,1677717251069,false
6978894,0.2417000,142,16382962,16382962,1677717251143,false
6978895,0.2417000,94,16382963,16382963,1677717254965,false
6978896,0.2418000,120,16382964,16382964,1677717254965,false
6978897,0.2418000,83,16382965,16382965,1677717259109,false
6978898,0.2418000,107,16382966,16382966,1677717259998,false
6978899,0.2417000,4475,16382967,16382970,1677717268765,true
6978900,0.2415000,2753,16382971,16382975,1677717268861,true
6978901,0.2414000,2629,16382976,16382979,1677717268862,true
6978902,0.2415000,81,16382980,16382980,1677717269558,false
6978903,0.2415000,225,16382981,16382981,1677717270688,false
6978904,0.2415000,760,16382982,16382983,1677717271866,false
6978905,0.2416000,21,16382984,16382984,1677717273788,false
6978906,0.2416000,1000,16382985,16382986,1677717284999,false
6978907,0.2415000,2374,16382987,16382989,1677717286646,true
6978908,0.2414000,10737,16382990,16382999,1677717286646,true
6978909,0.2413000,6187,16383000,16383001,1677717286646,true
6978910,0.2413000,683,16383002,16383003,1677717286749,true
6978911,0.2412000,5179,16383004,16383006,1677717286749,true
6978912,0.2413000,8208,16383007,16383015,1677717286766,false
6978913,0.2413000,145,16383016,16383016,1677717297364,true
6978914,0.2412000,42013,16383017,16383028,1677717297568,true
6978915,0.2411000,1282,16383029,16383031,1677717297584,true
6978916,0.2410000,5973,16383032,16383034,1677717297584,true
6978917,0.2409000,2172,16383035,16383038,1677717297790,true
6978918,0.2408000,3066,16383039,16383041,1677717297807,true
6978919,0.2408000,5286,16383042,16383042,1677717298825,true
6978920,0.2408000,6014,16383043,16383044,1677717300412,true
6978921,0.2408000,753,16383045,16383045,1677717304026,true
6978922,0.2408000,441,16383046,16383046,1677717309907,true
6978923,0.2409000,10177,16383047,16383051,1677717313070,false
6978924,0.2410000,10751,16383052,16383056,1677717313109,false
6978925,0.2410000,11542,16383057,16383060,1677717313182,true
6978926,0.2410000,500,16383061,16383061,1677717313564,true
6978927,0.2409000,22173,16383062,16383071,1677717313564,true
6978928,0.2408000,15628,16383072,16383072,1677717313564,true
6978929,0.2409000,3600,16383073,16383075,1677717313580,true
6978930,0.2408000,36006,16383076,16383080,1677717314943,true
6978931,0.2407000,9471,16383081,16383092,1677717314994,true
6978932,0.2407000,3991,16383093,16383095,1677717330574,false
6978933,0.2406000,500,16383096,16383097,1677717335748,true
6978934,0.2406000,1046,16383098,16383102,1677717339351,true
6978935,0.2405000,1225,16383103,16383104,1677717339414,true
6978936,0.2405000,1959,16383105,16383107,1677717339571,true
6978937,0.2405000,250,16383108,16383108,1677717340795,false
6978938,0.2404000,1710,16383109,16383111,1677717352307,true
6978939,0.2403000,4944,16383112,16383117,1677717352308,true
6978940,0.2402000,5699,16383118,16383121,1677717352308,true
6978941,0.2402000,1078,16383122,16383124,1677717352338,false
6978942,0.2401000,1908,16383125,16383129,1677717353066,true
6978943,0.2400000,4432,16383130,16383141,1677717353067,true
6978944,0.2401000,3468,16383142,16383143,1677717353083,false
6978945,0.2402000,6429,16383144,16383149,1677717353092,false
6978946,0.2401000,536,16383150,16383150,1677717353135,false
6978947,0.2402000,4537,16383151,16383154,1677717353135,false
6978948,0.2402000,536,16383155,16383155,1677717359005,false
6978949,0.2402000,3718,16383156,16383158,1677717360561,true
6978950,0.2401000,592,16383159,16383160,1677717360576,true
6978951,0.2402000,64,16383161,16383161,1677717360859,false
6978952,0.2401000,743,16383162,16383163,1677717362980,true
6978953,0.2401000,304,16383164,16383165,1677717364608,true
6978954,0.2401000,416,16383166,16383167,1677717370783,true
6978955,0.2401000,1274,16383168,16383169,1677717371944,false
6978956,0.2401000,666,16383170,16383172,1677717372166,true
6978957,0.2400000,904,16383173,16383174,1677717374071,false
6978958,0.2401000,7075,16383175,16383180,1677717378115,false
6978959,0.2401000,500,16383181,16383181,1677717378266,false
6978960,0.2402000,1798,16383182,16383184,1677717378284,false
6978961,0.2401000,2280,16383185,16383186,1677717379400,true
6978962,0.2402000,1726,16383187,16383188,1677717386418,false
6978963,0.2402000,2036,16383189,16383190,1677717390809,false
6978964,0.2402000,184,16383191,16383191,1677717391252,false
6978965,0.2403000,3386,16383192,16383192,1677717391252,false
6978966,0.2402000,214,16383193,16383193,1677717394113,true
6978967,0.2401000,832,16383194,16383195,1677717402207,false
6978968,0.2399000,763,16383196,16383196,1677717417827,true
6978969,0.2400000,84,16383197,16383197,1677717420324,false
6978970,0.2400000,84,16383198,16383198,1677717421683,false
6978971,0.2399000,43,16383199,16383199,1677717421798,true
6978972,0.2400000,105,16383200,16383200,1677717425803,false
6978973,0.2399000,2564,16383201,16383207,1677717427916,true
6978974,0.2398000,20852,16383208,16383216,1677717434539,true
6978975,0.2397000,7060,16383217,16383225,1677717434703,true
6978976,0.2397000,1303,16383226,16383226,1677717434980,true
6978977,0.2397000,226,16383227,16383227,1677717436057,false
6978978,0.2397000,2585,16383228,16383230,1677717440015,false
6978979,0.2396000,302,16383231,16383231,1677717454682,true
6978980,0.2396000,1963,16383232,16383240,1677717467937,true
6978981,0.2395000,3694,16383241,16383245,1677717476870,true
6978982,0.2394000,16511,16383246,16383258,1677717476870,true
6978983,0.2393000,9436,16383259,16383268,1677717476870,true
6978984,0.2393000,3350,16383269,16383271,1677717482710,true
6978985,0.2392000,1199,16383272,16383275,1677717482710,true
6978986,0.2393000,30688,16383276,16383282,1677717485219,false
6978987,0.2394000,6485,16383283,16383285,1677717485239,false
6978988,0.2395000,852,16383286,16383287,1677717485247,false
6978989,0.2396000,2631,16383288,16383290,1677717486255,false
6978990,0.2397000,17921,16383291,16383299,1677717486255,false
6978991,0.2398000,30426,16383300,16383312,1677717486255,false
6978992,0.2399000,21347,16383313,16383325,1677717486255,false
6978993,0.2400000,13889,16383326,16383333,1677717486255,false
6978994,0.2401000,23317,16383334,16383345,1677717486255,false
6978995,0.2401000,6942,16383346,16383346,1677717486278,true
6978996,0.2402000,1131,16383347,16383348,1677717486282,false
6978997,0.2402000,1131,16383349,16383349,1677717486290,true
6978998,0.2403000,2630,16383350,16383353,1677717486292,false
6978999,0.2402000,500,16383354,16383354,1677717486298,true
6979000,0.2403000,2555,16383355,16383356,1677717486302,false
6979001,0.2404000,2671,16383357,16383361,1677717486315,false
6979002,0.2403000,6089,16383362,16383365,1677717486424,true
6979003,0.2403000,201,16383366,16383366,1677717486887,true
6979004,0.2402000,2119,16383367,16383368,1677717486887,true
6979005,0.2399000,338,16383369,16383369,1677717493607,true
6979006,0.2400000,1020,16383370,16383370,1677717497735,false
6979007,0.2400000,4699,16383371,16383372,1677717498859,false
6979008,0.2401000,604,16383373,16383374,1677717499003,false
6979009,0.2401000,5000,16383375,16383375,1677717508294,true
6979010,0.2400000,3594,16383376,16383378,1677717508339,true
6979011,0.2399000,226,16383379,16383379,1677717517435,true
6979012,0.2399000,3517,16383380,16383383,1677717527040,true
6979013,0.2398000,84,16383384,16383384,1677717529830,false
6979014,0.2398000,804,16383385,16383385,1677717530466,false
6979015,0.2397000,2878,16383386,16383388,1677717536370,true
6979016,0.2397000,439,16383389,16383389,1677717542535,true
6979017,0.2397000,447,16383390,16383390,1677717543020,true
6979018,0.2398000,2924,16383391,16383395,1677717548180,false
6979019,0.2398000,17326,16383396,16383406,1677717548918,false
6979020,0.2399000,1045,16383407,16383408,1677717548991,false
6979021,0.2400000,1800,16383409,16383409,1677717552989,false
6979022,0.2401000,700,16383410,16383410,1677717552989,false
6979023,0.2400000,1992,16383411,16383413,1677717554497,true
6979024,0.2397000,1453,16383414,16383416,1677717566392,true
6979025,0.2396000,2672,16383417,16383419,1677717566392,true
6979026,0.2396000,8343,16383420,16383421,1677717573648,false
6979027,0.2397000,208,16383422,16383422,1677717573648,false
6979028,0.2397000,415,16383423,16383423,1677717578565,false
6979029,0.2397000,3206,16383424,16383427,1677717579568,false
6979030,0.2398000,2213,16383428,16383430,1677717580899,false
6979031,0.2400000,3052,16383431,16383434,1677717588883,false
6979032,0.2400000,225,16383435,16383435,1677717588994,false
6979033,0.2400000,4731,16383436,16383440,1677717593760,true
6979034,0.2399000,2417,16383441,16383443,1677717598178,true
6979035,0.2398000,3475,16383444,16383447,1677717600422,true
6979036,0.2398000,2191,16383448,16383448,1677717601431,true
6979037,0.2398000,6213,16383449,16383450,1677717601876,true
6979038,0.2397000,1264,16383451,16383452,1677717605868,true
6979039,0.2397000,703,16383453,16383454,1677717607652,false
6979040,0.2397000,1545,16383455,16383457,1677717613147,true
6979041,0.2396000,1296,16383458,16383458,1677717614673,true
6979042,0.2395000,524,16383459,16383460,1677717619223,true
6979043,0.2395000,46,16383461,16383461,1677717620090,true
6979044,0.2395000,4858,16383462,16383464,1677717620570,true
6979045,0.2395000,3265,16383465,16383466,1677717620706,true
6979046,0.2394000,5720,16383467,16383469,1677717620898,true
6979047,0.2393000,11526,16383470,16383479,1677717620921,true
6979048,0.2393000,2606,16383480,16383482,1677717621684,true
6979049,0.2392000,196,16383483,16383483,1677717621983,true
6979050,0.2391000,261,16383484,16383484,1677717621983,true
6979051,0.2391000,2036,16383485,16383487,1677717623059,true
6979052,0.2391000,42,16383488,16383489,1677717627731,true
6979053,0.2392000,27,16383490,16383490,1677717629424,false
6979054,0.2392000,10205,16383491,16383496,1677717630455,false
6979055,0.2393000,1291,16383497,16383498,1677717630741,false
6979056,0.2394000,3051,16383499,16383500,1677717630741,false
6979057,0.2394000,721,16383501,16383502,1677717631410,false
6979058,0.2394000,5309,16383503,16383505,1677717631852,false
6979059,0.2396000,206,16383506,16383508,1677717632418,false
6979060,0.2395000,1045,16383509,16383510,1677717632464,true
6979061,0.2395000,3911,16383511,16383515,1677717642628,true
6979062,0.2394000,4175,16383516,16383517,1677717647751,false
6979063,0.2394000,5828,16383518,16383519,1677717648989,false
6979064,0.2395000,1561,16383520,16383522,1677717671990,true
6979065,0.2393000,208,16383523,16383523,1677717685717,false
6979066,0.2393000,153,16383524,16383524,1677717692127,false
6979067,0.2393000,5000,16383525,16383529,1677717694670,false
6979068,0.2392000,175,16383530,16383531,1677717696678,true
6979069,0.2393000,1000,16383532,16383533,1677717700446,true
6979070,0.2393000,6667,16383534,16383539,1677717703072,true
6979071,0.2392000,387,16383540,16383540,1677717703072,true
6979072,0.2393000,10838,16383541,16383544,1677717708783,false
6979073,0.2393000,3679,16383545,16383547,1677717708909,false
6979074,0.2396000,21,16383548,16383548,1677717712108,false
6979075,0.2396000,1861,16383549,16383550,1677717718750,false
6979076,0.2395000,3319,16383551,16383554,1677717721213,true
6979077,0.2393000,429,16383555,16383555,1677717723171,true
6979078,0.2393000,526,16383556,16383556,1677717723480,true
6979079,0.2394000,75,16383557,16383557,1677717726736,false
6979080,0.2393000,1500,16383558,16383559,1677717727732,true
6979081,0.2393000,4347,16383560,16383562,1677717730566,false
6979082,0.2393000,4405,16383563,16383566,1677717750894,true
6979083,0.2392000,2599,16383567,16383569,1677717750973,true
6979084,0.2392000,38,16383570,16383570,1677717752653,false
6979085,0.2390000,3057,16383571,16383576,1677717764559,true
6979086,0.2389000,1176,16383577,16383577,1677717764559,true
6979087,0.2390000,1254,16383578,16383580,1677717770180,false
6979088,0.2390000,88,16383581,16383581,1677717782126,false
6979089,0.2389000,4423,16383582,16383592,1677717784207,true
6979090,0.2389000,1017,16383593,16383594,1677717786280,true
6979091,0.2390000,7071,16383595,16383596,1677717786723,false
6979092,0.2390000,9820,16383597,16383598,1677717786853,false
6979093,0.2390000,418,16383599,16383599,1677717800719,true
6979094,0.2391000,7623,16383600,16383606,1677717824786,false
6979095,0.2393000,1678,16383607,16383608,1677717829233,true
6979096,0.2392000,796,16383609,16383610,1677717829234,true
6979097,0.2393000,5860,16383611,16383614,1677717852167,false
6979098,0.2394000,1228,16383615,16383616,1677717859474,false
6979099,0.2395000,1252,16383617,16383617,1677717859485,false
6979100,0.2396000,4669,16383618,16383622,1677717859485,false
6979101,0.2396000,2123,16383623,16383627,1677717860157,true
6979102,0.2395000,2326,16383628,16383631,1677717861116,true
6979103,0.2394000,1306,16383632,16383632,1677717866308,false
6979104,0.2394000,83,16383633,16383633,1677717892528,false
6979105,0.2393000,508,16383634,16383634,1677717894501,true
6979106,0.2393000,5561,16383635,16383640,1677717900241,false
6979107,0.2393000,7781,16383641,16383641,1677717900392,false
6979108,0.2394000,4832,16383642,16383646,1677717900392,false
6979109,0.2395000,759,16383647,16383648,1677717900392,false
6979110,0.2394000,2947,16383649,16383651,1677717912820,true
6979111,0.2394000,970,16383652,16383652,1677717912851,false
6979112,0.2394000,4349,16383653,16383657,1677717913485,false
6979113,0.2395000,6323,16383658,16383661,1677717913495,false
6979114,0.2395000,3288,16383662,16383663,1677717913532,true
6979115,0.2395000,1068,16383664,16383666,1677717915413,true
6979116,0.2394000,2504,16383667,16383669,1677717924274,true
6979117,0.2394000,1731,16383670,16383672,1677717936445,false
6979118,0.2393000,65,16383673,16383673,1677717941865,true
6979119,0.2393000,8736,16383674,16383683,1677717952463,true
6979120,0.2393000,3155,16383684,16383687,1677717956067,false
6979121,0.2393000,5370,16383688,16383690,1677717963271,false
6979122,0.2392000,68,16383691,16383691,1677717980301,true
6979123,0.2393000,413,16383692,16383692,1677717987635,false
6979124,0.2393000,2484,16383693,16383694,1677717990491,false
6979125,0.2394000,1318,16383695,16383695,1677717990491,false
6979126,0.2394000,2165,16383696,16383698,1677717993452,false
6979127,0.2394000,929,16383699,16383699,1677718007878,false
6979128,0.2395000,25,16383700,16383700,1677718025038,true
6979129,0.2396000,2915,16383701,16383701,1677718028186,false
6979130,0.2397000,1829,16383702,16383704,1677718037849,false
6979131,0.2398000,38,16383705,16383705,1677718037849,false
6979132,0.2397000,1724,16383706,16383708,1677718044327,true
6979133,0.2397000,853,16383709,16383710,1677718053567,false
6979134,0.2398000,5101,16383711,16383715,1677718053567,false
6979135,0.2398000,10958,16383716,16383724,1677718053586,true
6979136,0.2397000,536,16383725,16383725,1677718091728,true
6979137,0.2396000,2757,16383726,16383730,1677718092712,false
6979138,0.2394000,613,16383731,16383731,1677718136212,true
6979139,0.2392000,4048,16383732,16383734,1677718144306,true
6979140,0.2393000,9635,16383735,16383739,1677718145134,false
6979141,0.2394000,2896,16383740,16383742,1677718145134,false
6979142,0.2393000,757,16383743,16383745,1677718153144,true
6979143,0.2393000,3731,16383746,16383748,1677718153610,false
6979144,0.2393000,828,16383749,16383750,1677718157165,false
6979145,0.2395000,3754,16383751,16383752,1677718158215,false
6979146,0.2396000,16703,16383753,16383759,1677718158215,false
6979147,0.2395000,1632,16383760,16383762,1677718164227,true
6979148,0.2394000,2402,16383763,16383766,1677718187382,true
6979149,0.2393000,3955,16383767,16383768,1677718191730,false
6979150,0.2394000,484,16383769,16383769,1677718204459,true
6979151,0.2395000,3566,16383770,16383771,1677718211146,false
6979152,0.2395000,676,16383772,16383773,1677718211173,true
6979153,0.2395000,29,16383774,16383774,1677718230175,false
6979154,0.2394000,4194,16383775,16383783,1677718266900,true
6979155,0.2393000,364,16383784,16383784,1677718267164,true
6979156,0.2394000,10702,16383785,16383792,1677718268221,false
6979157,0.2394000,735,16383793,16383795,1677718268368,false
6979158,0.2394000,9365,16383796,16383797,1677718271810,false
6979159,0.2395000,208,16383798,16383798,1677718276031,false
6979160,0.2395000,1631,16383799,16383802,1677718294947,false
6979161,0.2396000,7162,16383803,16383807,1677718301679,false
6979162,0.2397000,26740,16383808,16383819,1677718301679,false
6979163,0.2397000,1800,16383820,16383820,1677718301715,true
6979164,0.2398000,3756,16383821,16383823,1677718301720,false
6979165,0.2399000,219,16383824,16383824,1677718306505,false
6979166,0.2398000,1031,16383825,16383826,1677718310525,true
6979167,0.2397000,2096,16383827,16383830,1677718310525,true
6979168,0.2397000,420,16383831,16383831,1677718313425,true
6979169,0.2397000,878,16383832,16383834,1677718322704,true
6979170,0.2397000,418,16383835,16383835,1677718323022,true
6979171,0.2398000,8452,16383836,16383841,1677718334940,false
6979172,0.2398000,1322,16383842,16383842,1677718350161,true
6979173,0.2397000,1276,16383843,16383844,1677718350870,true
6979174,0.2397000,4171,16383845,16383846,1677718353475,false
6979175,0.2396000,4841,16383847,16383851,1677718363031,true
6979176,0.2395000,856,16383852,16383853,1677718363180,true
6979177,0.2395000,2903,16383854,16383857,1677718366241,false
6979178,0.2394000,613,16383858,16383858,1677718380645,true
6979179,0.2393000,2729,16383859,16383861,1677718380645,true
6979180,0.2392000,2962,16383862,16383863,1677718380658,true
6979181,0.2392000,466,16383864,16383864,1677718383120,true
6979182,0.2393000,9237,16383865,16383872,1677718383348,false
6979183,0.2394000,6444,16383873,16383876,1677718383348,false
6979184,0.2393000,90,16383877,16383877,1677718390671,true
6979185,0.2394000,41,16383878,16383878,1677718391497,false
6979186,0.2393000,49,16383879,16383879,1677718394162,true
6979187,0.2394000,21,16383880,16383880,1677718402564,false
6979188,0.2393000,511,16383881,16383882,1677718415675,true
6979189,0.2393000,580,16383883,16383884,1677718430548,false
6979190,0.2393000,73,16383885,16383885,1677718440089,false
6979191,0.2392000,472,16383886,16383886,1677718443899,true
6979192,0.2392000,20384,16383887,16383888,1677718444058,true
6979193,0.2391000,9839,16383889,16383895,1677718444070,true
6979194,0.2390000,1481,16383896,16383899,1677718444083,true
6979195,0.2390000,1255,16383900,16383901,1677718445442,true
6979196,0.2389000,2116,16383902,16383905,1677718446451,true
6979197,0.2388000,3798,16383906,16383908,1677718446451,true
6979198,0.2389000,4983,16383909,16383913,1677718447120,false
6979199,0.2390000,3883,16383914,16383918,1677718447120,false
6979200,0.2391000,11723,16383919,16383926,1677718447120,false
6979201,0.2392000,335,16383927,16383927,1677718447120,false
6979202,0.2390000,500,16383928,16383928,1677718447807,true
6979203,0.2389000,1932,16383929,16383932,1677718447807,true
6979204,0.2390000,890,16383933,16383934,1677718464436,false
6979205,0.2391000,11638,16383935,16383940,1677718464436,false
6979206,0.2391000,214,16383941,16383941,1677718469848,true
6979207,0.2391000,214,16383942,16383942,1677718470005,true
6979208,0.2389000,82,16383943,16383943,1677718493405,true
6979209,0.2389000,258,16383944,16383944,1677718500543,true
6979210,0.2389000,566,16383945,16383946,1677718508826,true
6979211,0.2388000,701,16383947,16383947,1677718508850,true
6979212,0.2387000,791,16383948,16383952,1677718511063,true
6979213,0.2386000,14661,16383953,16383966,1677718511063,true
6979214,0.2385000,4213,16383967,16383973,1677718513392,true
6979215,0.2384000,10290,16383974,16383981,1677718513392,true
6979216,0.2383000,14850,16383982,16383991,1677718513392,true
6979217,0.2382000,8199,16383992,16383996,1677718513392,true
6979218,0.2383000,713,16383997,16383997,1677718513414,false
6979219,0.2384000,978,16383998,16383999,1677718513421,false
6979220,0.2385000,1478,16384000,16384001,1677718513421,false
6979221,0.2384000,1774,16384002,16384004,1677718513766,true
6979222,0.2383000,2468,16384005,16384007,1677718513766,true
6979223,0.2384000,5352,16384008,16384014,1677718513777,false
6979224,0.2385000,1687,16384015,16384016,1677718515701,false
6979225,0.2386000,413,16384017,16384017,1677718516559,false
6979226,0.2387000,604,16384018,16384019,1677718516559,false
6979227,0.2385000,4768,16384020,16384024,1677718517977,true
6979228,0.2384000,8712,16384025,16384029,1677718517977,true
6979229,0.2386000,489,16384030,16384030,1677718527467,true
6979230,0.2387000,1147,16384031,16384032,1677718530128,false
6979231,0.2387000,1234,16384033,16384033,1677718531100,false
6979232,0.2387000,1047,16384034,16384034,1677718532061,false
6979233,0.2387000,2512,16384035,16384036,1677718533043,false
6979234,0.2388000,21856,16384037,16384048,1677718533085,false
6979235,0.2388000,146,16384049,16384049,1677718534184,true
6979236,0.2389000,793,16384050,16384050,1677718534197,false
6979237,0.2389000,662,16384051,16384051,1677718535144,false
6979238,0.2389000,197,16384052,16384052,1677718536149,false
6979239,0.2388000,544,16384053,16384054,1677718563476,true
6979240,0.2388000,1906,16384055,16384056,1677718564489,true
6979241,0.2387000,66,16384057,16384057,1677718565113,false
6979242,0.2387000,2076,16384058,16384060,1677718565290,false
6979243,0.2388000,1227,16384061,16384062,1677718565290,false
6979244,0.2388000,66,16384063,16384063,1677718566109,false
6979245,0.2387000,434,16384064,16384065,1677718566297,true
6979246,0.2387000,2301,16384066,16384066,1677718569610,false
6979247,0.2386000,2422,16384067,16384068,1677718573739,false
6979248,0.2386000,215,16384069,16384069,1677718578981,false
6979249,0.2387000,3322,16384070,16384073,1677718578981,false
6979250,0.2388000,567,16384074,16384075,1677718581367,false
6979251,0.2388000,207,16384076,16384076,1677718583683,true
6979252,0.2388000,245,16384077,16384077,1677718585629,true
6979253,0.2388000,720,16384078,16384079,1677718587056,false
6979254,0.2388000,1897,16384080,16384081,1677718587160,false
6979255,0.2388000,500,16384082,16384083,1677718590585,true
6979256,0.2386000,192,16384084,16384084,1677718592393,true
6979257,0.2387000,141,16384085,16384085,1677718592474,true
6979258,0.2387000,22,16384086,16384086,1677718594050,false
6979259,0.2387000,1328,16384087,16384088,1677718594975,false
6979260,0.2387000,817,16384089,16384089,1677718600706,false
6979261,0.2385000,1766,16384090,16384090,1677718611387,true
6979262,0.2384000,150,16384091,16384092,1677718612437,true
6979263,0.2384000,2435,16384093,16384096,1677718620092,true
6979264,0.2383000,1572,16384097,16384097,1677718620093,true
6979265,0.2384000,218,16384098,16384098,1677718622142,false
6979266,0.2384000,218,16384099,16384099,1677718623142,false
6979267,0.2384000,261,16384100,16384100,1677718624114,false
6979268,0.2384000,217,16384101,16384101,1677718625105,false
6979269,0.2384000,217,16384102,16384103,1677718626113,false
6979270,0.2383000,613,16384104,16384104,1677718637139,true
6979271,0.2383000,1594,16384105,16384110,1677718639277,false
6979272,0.2384000,643,16384111,16384111,1677718639447,false
6979273,0.2384000,109,16384112,16384112,1677718640306,true
6979274,0.2384000,211,16384113,16384113,1677718651847,true
6979275,0.2384000,389,16384114,16384114,1677718664682,false
6979276,0.2385000,1705,16384115,16384116,1677718664682,false
6979277,0.2385000,143,16384117,16384117,1677718665592,true
6979278,0.2386000,566,16384118,16384119,1677718674651,false
6979279,0.2385000,3398,16384120,16384123,1677718675382,true
6979280,0.2385000,739,16384124,16384124,1677718679981,false
6979281,0.2385000,1729,16384125,16384125,1677718684415,false
6979282,0.2385000,4714,16384126,16384126,1677718685279,true
6979283,0.2386000,468,16384127,16384128,1677718685413,false
6979284,0.2386000,287,16384129,16384129,1677718694074,false
6979285,0.2385000,343,16384130,16384130,1677718702922,true
6979286,0.2386000,207,16384131,16384132,1677718703682,false
6979287,0.2386000,463,16384133,16384133,1677718707516,false
6979288,0.2386000,138,16384134,16384134,1677718712576,true
6979289,0.2385000,208,16384135,16384135,1677718723952,true
6979290,0.2385000,3546,16384136,16384137,1677718726611,true
6979291,0.2385000,314,16384138,16384138,1677718728569,false
6979292,0.2384000,365,16384139,16384139,1677718731622,true
6979293,0.2384000,134,16384140,16384140,1677718739161,true
6979294,0.2384000,4489,16384141,16384141,1677718768039,true
6979295,0.2383000,7663,16384142,16384148,1677718768081,true
6979296,0.2382000,2022,16384149,16384150,1677718768197,true
6979297,0.2382000,1196,16384151,16384151,1677718768398,true
6979298,0.2382000,853,16384152,16384152,1677718768839,false
6979299,0.2382000,333,16384153,16384153,1677718769137,true
6979300,0.2383000,564,16384154,16384154,1677718769639,false
6979301,0.2383000,381,16384155,16384155,1677718773007,false
6979302,0.2383000,8558,16384156,16384162,1677718782512,true
6979303,0.2382000,3914,16384163,16384166,1677718783988,true
6979304,0.2381000,176,16384167,16384169,1677718783988,true
6979305,0.2382000,500,16384170,16384170,1677718784011,false
6979306,0.2382000,841,16384171,16384173,1677718793354,true
6979307,0.2381000,7402,16384174,16384178,1677718793355,true
6979308,0.2380000,33846,16384179,16384205,1677718793365,true
6979309,0.2380000,4325,16384206,16384210,1677718793466,true
6979310,0.2379000,1050,16384211,16384213,1677718794089,true
6979311,0.2380000,3853,16384214,16384220,1677718794852,false
6979312,0.2381000,2789,16384221,16384223,1677718795082,true
6979313,0.2380000,5281,16384224,16384229,1677718795082,true
6979314,0.2382000,290,16384230,16384230,1677718795082,false
6979315,0.2381000,123,16384231,16384231,1677718799395,true
6979316,0.2382000,413,16384232,16384232,1677718800208,false
6979317,0.2383000,12008,16384233,16384241,1677718800208,false
6979318,0.2384000,2915,16384242,16384245,1677718800522,false
6979319,0.2383000,82,16384246,16384246,1677718800523,true
6979320,0.2384000,774,16384247,16384247,1677718800529,false
6979321,0.2385000,1245,16384248,16384249,1677718801366,false
6979322,0.2385000,189,16384250,16384250,1677718801918,true
6979323,0.2386000,619,16384251,16384253,1677718802494,false
6979324,0.2386000,1118,16384254,16384256,1677718802673,false
6979325,0.2385000,206,16384257,16384257,1677718802737,true
6979326,0.2387000,477,16384258,16384258,1677718803028,false
6979327,0.2386000,420,16384259,16384259,1677718803273,true
6979328,0.2386000,2601,16384260,16384265,1677718803767,true
6979329,0.2386000,1639,16384266,16384267,1677718803918,true
6979330,0.2386000,1687,16384268,16384269,1677718803966,false
6979331,0.2385000,112,16384270,16384270,1677718803985,true
6979332,0.2386000,3168,16384271,16384271,1677718804030,false
6979333,0.2385000,420,16384272,16384272,1677718804129,true
6979334,0.2386000,481,16384273,16384273,1677718804804,false
6979335,0.2386000,541,16384274,16384274,1677718805656,false
6979336,0.2387000,2358,16384275,16384280,1677718805656,false
6979337,0.2385000,25,16384281,16384281,1677718805665,true
6979338,0.2387000,239,16384282,16384282,1677718807483,true
6979339,0.2388000,1380,16384283,16384285,1677718807606,false
6979340,0.2388000,576,16384286,16384286,1677718809634,false
6979341,0.2388000,143,16384287,16384287,1677718809907,false
6979342,0.2389000,3325,16384288,16384291,1677718809907,false
6979343,0.2389000,658,16384292,16384294,1677718810627,false
6979344,0.2389000,501,16384295,16384295,1677718810778,false
6979345,0.2389000,1756,16384296,16384297,1677718811658,false
6979346,0.2390000,172,16384298,16384299,1677718811658,false
6979347,0.2389000,293,16384300,16384301,1677718811776,true
6979348,0.2389000,23,16384302,16384302,1677718811973,true
6979349,0.2389000,89,16384303,16384303,1677718812779,true
6979350,0.2389000,906,16384304,16384306,1677718813038,true
6979351,0.2390000,672,16384307,16384308,1677718813750,false
6979352,0.2390000,4054,16384309,16384311,1677718813874,false
6979353,0.2391000,1942,16384312,16384314,1677718813874,false
6979354,0.2390000,221,16384315,16384317,1677718813994,true
6979355,0.2390000,1673,16384318,16384320,1677718814276,true
6979356,0.2390000,1467,16384321,16384323,1677718814487,true
6979357,0.2389000,679,16384324,16384325,1677718814489,true
6979358,0.2390000,1200,16384326,16384327,1677718814863,false
6979359,0.2391000,381,16384328,16384328,1677718814863,false
6979360,0.2390000,2896,16384329,16384331,1677718814945,true
6979361,0.2389000,13570,16384332,16384340,1677718814945,true
6979362,0.2388000,3534,16384341,16384343,1677718814945,true
6979363,0.2388000,5096,16384344,16384345,1677718815048,true
6979364,0.2388000,1600,16384346,16384348,1677718816731,false
6979365,0.2388000,550,16384349,16384349,1677718817584,false
6979366,0.2389000,2212,16384350,16384351,1677718817584,false
6979367,0.2388000,1296,16384352,16384353,1677718818291,true
6979368,0.2389000,1263,16384354,16384356,1677718818645,false
6979369,0.2389000,400,16384357,16384357,1677718821254,false
6979370,0.2390000,752,16384358,16384359,1677718821254,false
6979371,0.2389000,822,16384360,16384362,1677718821320,true
6979372,0.2388000,1586,16384363,16384364,1677718821379,true
6979373,0.2389000,532,16384365,16384365,1677718821395,true
6979374,0.2388000,523,16384366,16384367,1677718821395,true
6979375,0.2390000,622,16384368,16384369,1677718822576,false
6979376,0.2389000,656,16384370,16384371,1677718822591,true
6979377,0.2389000,228,16384372,16384372,1677718822733,true
6979378,0.2389000,572,16384373,16384375,1677718822845,true
6979379,0.2389000,94,16384376,16384376,1677718823679,true
6979380,0.2389000,64,16384377,16384377,1677718824645,true
6979381,0.2390000,2596,16384378,16384379,1677718824843,false
6979382,0.2391000,5,16384380,16384380,1677718824843,false
6979383,0.2391000,62,16384381,16384381,1677718825382,false
6979384,0.2391000,2228,16384382,16384384,1677718825566,false
6979385,0.2391000,67,16384385,16384385,1677718825725,true
6979386,0.2392000,4780,16384386,16384391,1677718829775,false
6979387,0.2392000,570,16384392,16384393,1677718829821,true
6979388,0.2391000,27,16384394,16384394,1677718829920,true
6979389,0.2392000,103,16384395,16384396,1677718830130,false
6979390,0.2392000,3120,16384397,16384399,1677718834280,true
6979391,0.2393000,2636,16384400,16384404,1677718834570,false
6979392,0.2393000,60,16384405,16384405,1677718836683,false
6979393,0.2393000,208,16384406,16384406,1677718838126,false
6979394,0.2393000,5157,16384407,16384414,1677718847134,false
6979395,0.2393000,112,16384415,16384415,1677718848060,true
6979396,0.2394000,1899,16384416,16384419,1677718858050,false
6979397,0.2394000,4,16384420,16384421,1677718860068,true
6979398,0.2394000,580,16384422,16384423,1677718865281,true
6979399,0.2394000,595,16384424,16384424,1677718866911,true
6979400,0.2394000,2758,16384425,16384425,1677718867231,true
6979401,0.2393000,284,16384426,16384426,1677718867270,true
6979402,0.2392000,16941,16384427,16384431,1677718874580,true
6979403,0.2391000,1031,16384432,16384432,1677718878363,true
6979404,0.2391000,2812,16384433,16384433,1677718893741,true
6979405,0.2391000,128,16384434,16384434,1677718908809,true
6979406,0.2391000,2413,16384435,16384435,1677718908964,true
6979407,0.2391000,338,16384436,16384436,1677718917022,false
6979408,0.2391000,79,16384437,16384438,1677718920099,false
6979409,0.2390000,61,16384439,16384439,1677718937684,true
6979410,0.2389000,6266,16384440,16384446,1677718937684,true
6979411,0.2388000,1367,16384447,16384449,1677718939631,true
6979412,0.2387000,2450,16384450,16384453,1677718947892,true
6979413,0.2386000,271,16384454,16384454,1677718950223,false
6979414,0.2386000,2083,16384455,16384457,1677718950805,false
6979415,0.2386000,235,16384458,16384458,1677718951146,false
6979416,0.2385000,108,16384459,16384459,1677718954922,true
6979417,0.2385000,80,16384460,16384460,1677718956345,true
6979418,0.2385000,112,16384461,16384461,1677718958029,true
6979419,0.2385000,254,16384462,16384462,1677718958672,true
6979420,0.2385000,2864,16384463,16384466,1677718958830,true
6979421,0.2385000,1280,16384467,16384469,1677718958931,true
6979422,0.2385000,246,16384470,16384472,1677718959053,true
6979423,0.2386000,1031,16384473,16384474,1677718959400,false
6979424,0.2385000,50,16384475,16384475,1677718959969,true
6979425,0.2384000,93,16384476,16384476,1677718964984,true
6979426,0.2384000,2416,16384477,16384479,1677718966497,true
6979427,0.2383000,1932,16384480,16384481,1677718966497,true
6979428,0.2383000,26,16384482,16384482,1677718972202,true
6979429,0.2383000,127,16384483,16384483,1677718974925,true
6979430,0.2383000,254,16384484,16384484,1677718978537,true
6979431,0.2383000,436,16384485,16384485,1677718979914,true
6979432,0.2384000,46,16384486,16384486,1677718980116,false
6979433,0.2384000,130,16384487,16384487,1677718981114,false
6979434,0.2384000,147,16384488,16384488,1677718982147,false
6979435,0.2384000,147,16384489,16384489,1677718983432,false
6979436,0.2384000,148,16384490,16384491,1677718984106,false
6979437,0.2384000,148,16384492,16384492,1677718985093,false
6979438,0.2384000,148,16384493,16384493,1677718986067,false
6979439,0.2384000,98,16384494,16384494,1677718987055,false
6979440,0.2383000,254,16384495,16384495,1677718988685,true
6979441,0.2383000,124,16384496,16384496,1677718993656,true
6979442,0.2384000,1370,16384497,16384497,1677718996832,false
6979443,0.2383000,3987,16384498,16384502,1677719003991,true
6979444,0.2382000,2504,16384503,16384505,1677719003991,true
6979445,0.2381000,7384,16384506,16384509,1677719004010,true
6979446,0.2382000,79,16384510,16384510,1677719004276,false
6979447,0.2383000,51,16384511,16384511,1677719010038,true
6979448,0.2383000,500,16384512,16384512,1677719044238,true
6979449,0.2383000,3135,16384513,16384516,1677719044498,true
6979450,0.2382000,2336,16384517,16384520,1677719044642,true
6979451,0.2382000,168,16384521,16384521,1677719051864,true
6979452,0.2383000,8775,16384522,16384527,1677719056493,false
6979453,0.2384000,10596,16384528,16384530,1677719065770,false
6979454,0.2385000,7259,16384531,16384539,1677719065789,false
6979455,0.2385000,30,16384540,16384540,1677719067040,true
6979456,0.2385000,1556,16384541,16384542,1677719077971,true
6979457,0.2385000,13131,16384543,16384551,1677719083195,true
6979458,0.2386000,413,16384552,16384552,1677719100173,false
6979459,0.2386000,839,16384553,16384554,1677719100724,true
6979460,0.2386000,434,16384555,16384555,1677719102679,true
6979461,0.2386000,390,16384556,16384556,1677719103227,true
6979462,0.2387000,7648,16384557,16384561,1677719107177,false
6979463,0.2388000,8463,16384562,16384572,1677719107187,false
6979464,0.2388000,3690,16384573,16384576,1677719115306,true
6979465,0.2388000,35,16384577,16384577,1677719120671,false
6979466,0.2388000,1221,16384578,16384578,1677719121006,false
6979467,0.2387000,2682,16384579,16384582,1677719122968,true
6979468,0.2386000,1893,16384583,16384585,1677719122968,true
6979469,0.2386000,1082,16384586,16384587,1677719124063,false
6979470,0.2386000,2096,16384588,16384589,1677719138522,true
6979471,0.2386000,1025,16384590,16384591,1677719159703,true
6979472,0.2387000,628,16384592,16384592,1677719167843,false
6979473,0.2387000,3665,16384593,16384598,1677719171380,true
6979474,0.2386000,548,16384599,16384599,1677719198564,true
6979475,0.2387000,2497,16384600,16384603,1677719224358,false
6979476,0.2387000,1775,16384604,16384604,1677719227411,true
6979477,0.2387000,101,16384605,16384605,1677719231955,true
6979478,0.2388000,2999,16384606,16384607,1677719236024,false
6979479,0.2388000,2999,16384608,16384609,1677719236160,false
6979480,0.2389000,249,16384610,16384610,1677719249346,false
6979481,0.2389000,340,16384611,16384611,1677719250790,false
6979482,0.2390000,2923,16384612,16384616,1677719251134,false
6979483,0.2390000,118,16384617,16384617,1677719253094,true
6979484,0.2391000,98,16384618,16384618,1677719280124,true
6979485,0.2391000,25,16384619,16384619,1677719281421,true
6979486,0.2392000,901,16384620,16384622,1677719287980,false
6979487,0.2391000,5596,16384623,16384626,1677719295470,true
6979488,0.2390000,125,16384627,16384627,1677719308564,false
6979489,0.2390000,104,16384628,16384628,1677719321311,false
6979490,0.2390000,663,16384629,16384629,1677719323199,false
6979491,0.2391000,628,16384630,16384630,1677719342030,false
6979492,0.2390000,2268,16384631,16384633,1677719344664,true
6979493,0.2389000,6321,16384634,16384638,1677719344701,true
6979494,0.2388000,624,16384639,16384640,1677719351218,false
6979495,0.2388000,533,16384641,16384642,1677719353503,false
6979496,0.2389000,624,16384643,16384643,1677719359926,false
6979497,0.2389000,2006,16384644,16384645,1677719361675,false
6979498,0.2389000,1164,16384646,16384647,1677719369312,false
6979499,0.2390000,949,16384648,16384649,1677719371037,false
6979500,0.2390000,2289,16384650,16384652,1677719379164,false
6979501,0.2391000,50,16384653,16384653,1677719383071,false
6979502,0.2391000,624,16384654,16384654,1677719386287,false
6979503,0.2390000,901,16384655,16384655,1677719387917,true
6979504,0.2389000,99,16384656,16384656,1677719387917,true
6979505,0.2390000,10000,16384657,16384663,1677719389303,false
6979506,0.2391000,3615,16384664,16384668,1677719390531,false
6979507,0.2391000,624,16384669,16384670,1677719399456,false
6979508,0.2391000,276,16384671,16384671,1677719399771,false
6979509,0.2390000,442,16384672,16384672,1677719402681,true
6979510,0.2391000,360,16384673,16384673,1677719407306,false
6979511,0.2391000,270,16384674,16384674,1677719410981,false
6979512,0.2391000,270,16384675,16384675,1677719418094,false
6979513,0.2391000,4081,16384676,16384678,1677719419178,false
6979514,0.2392000,4057,16384679,16384682,1677719419178,false
6979515,0.2392000,4576,16384683,16384687,1677719419451,false
6979516,0.2393000,3751,16384688,16384691,1677719419511,false
6979517,0.2394000,239,16384692,16384693,1677719419550,false
6979518,0.2394000,356,16384694,16384695,1677719426623,false
6979519,0.2394000,1745,16384696,16384697,1677719429628,false
6979520,0.2395000,270,16384698,16384698,1677719431210,false
6979521,0.2395000,62,16384699,16384700,1677719435433,false
6979522,0.2395000,774,16384701,16384702,1677719436756,false
6979523,0.2395000,356,16384703,16384704,1677719437744,false
6979524,0.2394000,270,16384705,16384705,1677719443387,false
6979525,0.2393000,5713,16384706,16384711,1677719445215,true
6979526,0.2393000,774,16384712,16384712,1677719450852,false
6979527,0.2392000,2131,16384713,16384714,1677719451116,true
6979528,0.2393000,356,16384715,16384715,1677719451528,false
6979529,0.2392000,1072,16384716,16384716,1677719452226,true
6979530,0.2393000,270,16384717,16384717,1677719453540,false
6979531,0.2393000,2778,16384718,16384718,1677719456918,false
6979532,0.2394000,2935,16384719,16384722,1677719456918,false
6979533,0.2395000,774,16384723,16384723,1677719459096,false
6979534,0.2395000,356,16384724,16384724,1677719463717,false
6979535,0.2395000,426,16384725,16384726,1677719466264,false
6979536,0.2395000,774,16384727,16384727,1677719470275,false
6979537,0.2394000,5367,16384728,16384733,1677719470286,true
6979538,0.2395000,4570,16384734,16384738,1677719470293,false
6979539,0.2395000,1392,16384739,16384739,1677719470566,true
6979540,0.2396000,356,16384740,16384740,1677719470957,false
6979541,0.2395000,1335,16384741,16384742,1677719473460,true
6979542,0.2395000,961,16384743,16384743,1677719476131,true
6979543,0.2396000,55,16384744,16384744,1677719477026,false
6979544,0.2396000,928,16384745,16384747,1677719477403,false
6979545,0.2395000,880,16384748,16384748,1677719478191,true
6979546,0.2395000,924,16384749,16384750,1677719484574,true
6979547,0.2395000,55,16384751,16384752,1677719485964,true
6979548,0.2396000,774,16384753,16384753,1677719488519,false
6979549,0.2396000,154,16384754,16384754,1677719491590,false
6979550,0.2395000,2077,16384755,16384756,1677719491970,true
6979551,0.2395000,2457,16384757,16384757,1677719494218,true
6979552,0.2395000,963,16384758,16384759,1677719496711,true
6979553,0.2394000,154,16384760,16384760,1677719501773,false
6979554,0.2395000,154,16384761,16384761,1677719511948,false
6979555,0.2395000,224,16384762,16384762,1677719519263,false
6979556,0.2395000,687,16384763,16384763,1677719519794,false
6979557,0.2395000,154,16384764,16384764,1677719523132,false
6979558,0.2395000,22,16384765,16384765,1677719523580,false
6979559,0.2395000,687,16384766,16384766,1677719534092,false
6979560,0.2395000,154,16384767,16384767,1677719535257,false
6979561,0.2394000,104,16384768,16384768,1677719537330,true
6979562,0.2395000,4723,16384769,16384770,1677719541284,false
6979563,0.2395000,1575,16384771,16384773,1677719541669,true
6979564,0.2396000,419,16384774,16384774,1677719542186,false
6979565,0.2397000,268,16384775,16384776,1677719542186,false
6979566,0.2396000,146,16384777,16384777,1677719546077,true
6979567,0.2396000,3312,16384778,16384779,1677719549328,true
6979568,0.2397000,687,16384780,16384781,1677719551304,false
6979569,0.2397000,1921,16384782,16384783,1677719552200,false
6979570,0.2398000,2902,16384784,16384784,1677719552200,false
6979571,0.2397000,4969,16384785,16384786,1677719561742,true
6979572,0.2398000,687,16384787,16384791,1677719565064,false
6979573,0.2398000,687,16384792,16384793,1677719579236,false
6979574,0.2398000,377,16384794,16384794,1677719583524,false
6979575,0.2398000,396,16384795,16384795,1677719589345,false
6979576,0.2398000,687,16384796,16384797,1677719591408,false
6979577,0.2397000,1053,16384798,16384798,1677719591615,true
6979578,0.2398000,579,16384799,16384800,1677719592049,false
6979579,0.2398000,114,16384801,16384801,1677719592314,true
6979580,0.2398000,4,16384802,16384802,1677719592612,true
6979581,0.2399000,374,16384803,16384804,1677719592656,false
6979582,0.2398000,228,16384805,16384806,1677719592826,true
6979583,0.2398000,325,16384807,16384807,1677719593547,true
6979584,0.2398000,621,16384808,16384809,1677719593731,true
6979585,0.2399000,392,16384810,16384810,1677719597452,false
6979586,0.2399000,374,16384811,16384812,1677719605303,false
6979587,0.2399000,489,16384813,16384813,1677719606231,false
6979588,0.2399000,224,16384814,16384814,1677719607854,true
6979589,0.2400000,559,16384815,16384815,1677719609506,false
6979590,0.2400000,392,16384816,16384817,1677719610567,false
6979591,0.2400000,374,16384818,16384818,1677719617461,false
6979592,0.2400000,392,16384819,16384819,1677719618822,false
6979593,0.2400000,554,16384820,16384822,1677719621625,false
6979594,0.2399000,3508,16384823,16384824,1677719624081,true
6979595,0.2400000,374,16384825,16384828,1677719625628,false
6979596,0.2400000,392,16384829,16384829,1677719627986,false
6979597,0.2400000,554,16384830,16384831,1677719629796,false
6979598,0.2400000,5000,16384832,16384836,1677719630866,false
6979599,0.2399000,4969,16384837,16384839,1677719633261,true
6979600,0.2400000,374,16384840,16384840,1677719633785,false
6979601,0.2398000,518,16384841,16384841,1677719634860,true
6979602,0.2399000,392,16384842,16384842,1677719635179,false
6979603,0.2399000,109,16384843,16384843,1677719638419,false
6979604,0.2399000,554,16384844,16384844,1677719638984,false
6979605,0.2399000,374,16384845,16384845,1677719644951,false
6979606,0.2399000,269,16384846,16384847,1677719646176,false
6979607,0.2400000,285,16384848,16384848,1677719646176,false
6979608,0.2400000,218,16384849,16384849,1677719646739,false
6979609,0.2401000,392,16384850,16384852,1677719649363,false
6979610,0.2400000,1041,16384853,16384854,1677719651520,true
6979611,0.2401000,554,16384855,16384856,1677719653345,false
6979612,0.2400000,2638,16384857,16384859,1677719657560,false
6979613,0.2401000,124,16384860,16384860,1677719657560,false
6979614,0.2401000,213,16384861,16384861,1677719658836,false
6979615,0.2401000,223,16384862,16384863,1677719658951,false
6979616,0.2400000,7133,16384864,16384865,1677719659713,true
6979617,0.2400000,554,16384866,16384867,1677719660467,false
6979618,0.2400000,795,16384868,16384868,1677719669598,false
6979619,0.2400000,70,16384869,16384869,1677719670942,false
6979620,0.2401000,143,16384870,16384870,1677719670942,false
6979621,0.2401000,213,16384871,16384871,1677719678121,false
6979622,0.2401000,789,16384872,16384872,1677719678851,false
6979623,0.2400000,5525,16384873,16384875,1677719679725,true
6979624,0.2399000,51,16384876,16384876,1677719679783,true
6979625,0.2399000,77,16384877,16384877,1677719684229,false
6979626,0.2398000,4387,16384878,16384881,1677719684870,true
6979627,0.2398000,213,16384882,16384882,1677719687375,false
6979628,0.2398000,789,16384883,16384883,1677719691016,false
6979629,0.2397000,11,16384884,16384884,1677719692362,true
6979630,0.2397000,150,16384885,16384886,1677719692611,true
6979631,0.2397000,76,16384887,16384887,1677719694680,true
6979632,0.2398000,213,16384888,16384888,1677719697303,false
6979633,0.2397000,26,16384889,16384889,1677719697318,true
6979634,0.2397000,6573,16384890,16384895,1677719699886,true
6979635,0.2397000,789,16384896,16384896,1677719701707,false
6979636,0.2397000,1014,16384897,16384897,1677719703711,false
6979637,0.2396000,833,16384898,16384898,1677719704280,true
6979638,0.2396000,213,16384899,16384899,1677719707412,false
6979639,0.2396000,789,16384900,16384901,1677719708876,false
6979640,0.2395000,1221,16384902,16384905,1677719714169,true
6979641,0.2395000,789,16384906,16384906,1677719716053,false
6979642,0.2394000,23,16384907,16384907,1677719717359,true
6979643,0.2393000,3297,16384908,16384910,1677719717359,true
6979644,0.2392000,196,16384911,16384911,1677719721830,true
6979645,0.2391000,3421,16384912,16384914,1677719721830,true
6979646,0.2391000,6034,16384915,16384919,1677719722500,false
6979647,0.2391000,62,16384920,16384920,1677719724350,true
6979648,0.2392000,789,16384921,16384921,1677719727224,false
6979649,0.2391000,9935,16384922,16384930,1677719729295,true
6979650,0.2390000,937,16384931,16384931,1677719729652,true
6979651,0.2390000,192,16384932,16384932,1677719730433,false
6979652,0.2390000,3008,16384933,16384936,1677719730672,false
6979653,0.2391000,11972,16384937,16384947,1677719730737,false
6979654,0.2392000,488,16384948,16384948,1677719731162,false
6979655,0.2391000,191,16384949,16384949,1677719738204,false
6979656,0.2391000,6838,16384950,16384953,1677719748962,false
6979657,0.2392000,191,16384954,16384954,1677719750375,false
6979658,0.2392000,339,16384955,16384955,1677719751635,false
6979659,0.2392000,191,16384956,16384956,1677719759046,false
6979660,0.2391000,83,16384957,16384957,1677719762540,true
6979661,0.2392000,191,16384958,16384958,1677719769175,false
6979662,0.2392000,191,16384959,16384959,1677719777297,false
6979663,0.2392000,7226,16384960,16384965,1677719778071,false
6979664,0.2393000,1255,16384966,16384968,1677719778332,false
6979665,0.2393000,65,16384969,16384969,1677719782577,true
6979666,0.2393000,1082,16384970,16384971,1677719785435,true
6979667,0.2394000,191,16384972,16384972,1677719789471,false
6979668,0.2393000,860,16384973,16384974,1677719804870,true
6979669,0.2392000,636,16384975,16384976,1677719804870,true
6979670,0.2392000,454,16384977,16384977,1677719815102,true
6979671,0.2392000,924,16384978,16384978,1677719818261,false
6979672,0.2391000,8138,16384979,16384984,1677719820838,true
6979673,0.2392000,2333,16384985,16384986,1677719820875,false
6979674,0.2392000,65,16384987,16384987,1677719821855,true
6979675,0.2391000,6460,16384988,16384990,1677719821855,true
6979676,0.2393000,920,16384991,16384991,1677719832457,false
6979677,0.2393000,17228,16384992,16384999,1677719836654,false
6979678,0.2393000,51,16385000,16385000,1677719836676,true
6979679,0.2394000,5973,16385001,16385005,1677719836679,false
6979680,0.2395000,11226,16385006,16385014,1677719836693,false
6979681,0.2396000,920,16385015,16385016,1677719839631,false
6979682,0.2396000,5118,16385017,16385021,1677719841573,false
6979683,0.2397000,10254,16385022,16385028,1677719841573,false
6979684,0.2397000,920,16385029,16385029,1677719846804,false
6979685,0.2397000,920,16385030,16385031,1677719856966,false
6979686,0.2397000,25,16385032,16385032,1677719861679,false
6979687,0.2398000,920,16385033,16385035,1677719865138,false
6979688,0.2398000,920,16385036,16385037,1677719879254,false
6979689,0.2398000,328,16385038,16385039,1677719879481,false
6979690,0.2398000,396,16385040,16385040,1677719886125,false
6979691,0.2397000,78,16385041,16385041,1677719888542,true
6979692,0.2398000,324,16385042,16385043,1677719889622,false
6979693,0.2397000,10411,16385044,16385051,1677719890270,true
