agg_trade_id,price,quantity,first_trade_id,last_trade_id,transact_time,is_buyer_maker
7017046,0.2321000,2011,16481454,16481456,1677801604745,true
7017047,0.2322000,3646,16481457,16481458,1677801607891,false
7017048,0.2321000,559,16481459,16481459,1677801607904,true
7017049,0.2322000,4996,16481460,16481469,1677801607934,false
7017050,0.2321000,7924,16481470,16481477,1677801608057,true
7017051,0.2321000,352,16481478,16481478,1677801608166,true
7017052,0.2320000,2067,16481479,16481482,1677801608166,true
7017053,0.2321000,527,16481483,16481484,1677801609109,false
7017054,0.2321000,2078,16481485,16481486,1677801609836,false
7017055,0.2321000,43,16481487,16481487,1677801610026,false
7017056,0.2321000,786,16481488,16481488,1677801610647,false
7017057,0.2320000,1469,16481489,16481490,1677801610819,true
7017058,0.2321000,2268,16481491,16481493,1677801611894,false
7017059,0.2322000,6878,16481494,16481501,1677801612360,false
7017060,0.2323000,9469,16481502,16481506,1677801612362,false
7017061,0.2324000,6651,16481507,16481513,1677801612407,false
7017062,0.2323000,839,16481514,16481515,1677801612416,true
7017063,0.2324000,503,16481516,16481517,1677801613674,false
7017064,0.2324000,7470,16481518,16481524,1677801614429,true
7017065,0.2324000,43,16481525,16481525,1677801616799,false
7017066,0.2324000,2515,16481526,16481528,1677801616901,false
7017067,0.2324000,1817,16481529,16481530,1677801618347,false
7017068,0.2324000,3913,16481531,16481532,1677801618576,false
7017069,0.2324000,209,16481533,16481533,1677801619074,false
7017070,0.2325000,1656,16481534,16481538,1677801619074,false
7017071,0.2325000,629,16481539,16481539,1677801619618,false
7017072,0.2325000,1684,16481540,16481540,1677801620075,false
7017073,0.2326000,3008,16481541,16481547,1677801620075,false
7017074,0.2325000,4578,16481548,16481552,1677801620110,true
7017075,0.2324000,1731,16481553,16481554,1677801620110,true
7017076,0.2325000,500,16481555,16481555,1677801620645,false
7017077,0.2326000,425,16481556,16481556,1677801620645,false
7017078,0.2326000,11160,16481557,16481563,1677801621092,false
7017079,0.2325000,1072,16481564,16481565,1677801621092,true
7017080,0.2326000,1778,16481566,16481566,1677801621283,false
7017081,0.2327000,8597,16481567,16481575,1677801621283,false
7017082,0.2328000,7137,16481576,16481587,1677801621311,false
7017083,0.2328000,2300,16481588,16481589,1677801622789,true
7017084,0.2328000,648,16481590,16481590,1677801624315,false
7017085,0.2328000,4378,16481591,16481596,1677801624691,false
7017086,0.2329000,299,16481597,16481599,1677801624722,false
7017087,0.2330000,12355,16481600,16481608,1677801625071,false
7017088,0.2330000,2918,16481609,16481610,1677801625833,true
7017089,0.2330000,791,16481611,16481612,1677801625889,false
7017090,0.2329000,14981,16481613,16481619,1677801626067,true
7017091,0.2328000,588,16481620,16481620,1677801626113,false
7017092,0.2328000,40,16481621,16481621,1677801626352,false
7017093,0.2328000,2167,16481622,16481624,1677801628607,true
7017094,0.2328000,648,16481625,16481625,1677801635254,true
7017095,0.2329000,1391,16481626,16481629,1677801635255,false
7017096,0.2329000,463,16481630,16481631,1677801635655,false
7017097,0.2328000,10132,16481632,16481637,1677801639601,true
7017098,0.2329000,1637,16481638,16481640,1677801648935,false
7017099,0.2330000,1282,16481641,16481641,1677801648939,false
7017100,0.2329000,538,16481642,16481643,1677801649214,true
7017101,0.2330000,5310,16481644,16481646,1677801651042,false
7017102,0.2331000,15154,16481647,16481652,1677801651042,false
7017103,0.2332000,446,16481653,16481654,1677801651100,false
7017104,0.2332000,2948,16481655,16481662,1677801651525,false
7017105,0.2332000,1362,16481663,16481663,1677801652547,false
7017106,0.2331000,11067,16481664,16481668,1677801654070,true
7017107,0.2332000,526,16481669,16481669,1677801655588,false
7017108,0.2332000,10547,16481670,16481674,1677801656016,false
7017109,0.2333000,64401,16481675,16481685,1677801656016,false
7017110,0.2333000,330,16481686,16481686,1677801657090,true
7017111,0.2333000,602,16481687,16481687,1677801662543,true
7017112,0.2333000,727,16481688,16481688,1677801662958,true
7017113,0.2334000,604,16481689,16481692,1677801663658,false
7017114,0.2334000,556,16481693,16481693,1677801665740,false
7017115,0.2334000,511,16481694,16481694,1677801668155,false
7017116,0.2334000,2200,16481695,16481698,1677801670261,false
7017117,0.2335000,179,16481699,16481700,1677801670261,false
7017118,0.2334000,144,16481701,16481701,1677801670328,true
7017119,0.2335000,1194,16481702,16481704,1677801674581,false
7017120,0.2335000,693,16481705,16481705,1677801676185,false
7017121,0.2335000,1422,16481706,16481707,1677801677496,false
7017122,0.2335000,1214,16481708,16481708,1677801677935,false
7017123,0.2335000,8284,16481709,16481718,1677801679603,false
7017124,0.2336000,2702,16481719,16481725,1677801680854,false
7017125,0.2337000,1592,16481726,16481728,1677801682083,false
7017126,0.2337000,26,16481729,16481729,1677801683093,false
7017127,0.2337000,775,16481730,16481731,1677801683658,false
7017128,0.2337000,6771,16481732,16481737,1677801683819,false
7017129,0.2338000,478,16481738,16481741,1677801683881,false
7017130,0.2337000,72,16481742,16481742,1677801683954,true
7017131,0.2337000,862,16481743,16481743,1677801684718,true
7017132,0.2337000,4300,16481744,16481746,1677801685753,true
7017133,0.2338000,730,16481747,16481747,1677801686839,false
7017134,0.2337000,4300,16481748,16481750,1677801688107,true
7017135,0.2337000,500,16481751,16481751,1677801689948,true
7017136,0.2338000,644,16481752,16481752,1677801690505,false
7017137,0.2337000,563,16481753,16481753,1677801693742,true
7017138,0.2337000,8120,16481754,16481758,1677801695287,true
7017139,0.2338000,460,16481759,16481760,1677801696013,false
7017140,0.2338000,320,16481761,16481763,1677801698713,false
7017141,0.2339000,287,16481764,16481764,1677801698713,false
7017142,0.2338000,5732,16481765,16481773,1677801698736,true
7017143,0.2338000,18985,16481774,16481781,1677801698967,true
7017144,0.2338000,107,16481782,16481782,1677801699246,true
7017145,0.2339000,504,16481783,16481783,1677801699751,false
7017146,0.2338000,27540,16481784,16481789,1677801700232,true
7017147,0.2337000,16481,16481790,16481805,1677801700244,true
7017148,0.2336000,5021,16481806,16481808,1677801700320,true
7017149,0.2336000,1441,16481809,16481811,1677801702515,false
7017150,0.2336000,880,16481812,16481813,1677801704312,false
7017151,0.2336000,2583,16481814,16481817,1677801705313,false
7017152,0.2337000,500,16481818,16481818,1677801706643,false
7017153,0.2338000,1526,16481819,16481819,1677801706643,false
7017154,0.2337000,667,16481820,16481822,1677801706731,true
7017155,0.2337000,1480,16481823,16481823,1677801707647,true
7017156,0.2337000,2360,16481824,16481826,1677801710645,true
7017157,0.2338000,2786,16481827,16481830,1677801713114,false
7017158,0.2338000,1844,16481831,16481833,1677801714749,false
7017159,0.2337000,43,16481834,16481834,1677801716088,true
7017160,0.2338000,1177,16481835,16481835,1677801716585,false
7017161,0.2338000,260,16481836,16481837,1677801718236,false
7017162,0.2339000,1902,16481838,16481842,1677801718236,false
7017163,0.2339000,2666,16481843,16481844,1677801718552,false
7017164,0.2339000,2137,16481845,16481845,1677801719253,false
7017165,0.2338000,114,16481846,16481846,1677801720467,true
7017166,0.2339000,3396,16481847,16481849,1677801722660,false
7017167,0.2340000,5373,16481850,16481856,1677801722660,false
7017168,0.2339000,104,16481857,16481858,1677801722682,true
7017169,0.2339000,710,16481859,16481860,1677801722837,true
7017170,0.2339000,2116,16481861,16481862,1677801723336,true
7017171,0.2339000,2582,16481863,16481866,1677801724685,true
7017172,0.2339000,728,16481867,16481869,1677801724887,false
7017173,0.2338000,218,16481870,16481870,1677801725184,true
7017174,0.2339000,638,16481871,16481872,1677801725605,false
7017175,0.2339000,104,16481873,16481874,1677801725627,true
7017176,0.2339000,130,16481875,16481876,1677801726178,true
7017177,0.2339000,129,16481877,16481877,1677801726307,true
7017178,0.2339000,129,16481878,16481878,1677801726615,true
7017179,0.2339000,2097,16481879,16481882,1677801728094,true
7017180,0.2338000,144,16481883,16481883,1677801728099,true
7017181,0.2339000,90,16481884,16481884,1677801730122,false
7017182,0.2339000,944,16481885,16481888,1677801731613,false
7017183,0.2338000,1938,16481889,16481891,1677801731830,true
7017184,0.2339000,697,16481892,16481892,1677801736814,false
7017185,0.2339000,787,16481893,16481895,1677801738736,false
7017186,0.2340000,1116,16481896,16481897,1677801738736,false
7017187,0.2340000,86,16481898,16481899,1677801740389,false
7017188,0.2340000,1767,16481900,16481901,1677801741593,false
7017189,0.2339000,855,16481902,16481903,1677801745676,true
7017190,0.2339000,929,16481904,16481906,1677801749068,true
7017191,0.2340000,2066,16481907,16481908,1677801749085,false
7017192,0.2340000,86,16481909,16481909,1677801749569,false
7017193,0.2339000,5733,16481910,16481914,1677801751304,true
7017194,0.2339000,104,16481915,16481916,1677801751740,true
7017195,0.2340000,62,16481917,16481917,1677801754355,false
7017196,0.2340000,22,16481918,16481918,1677801755383,false
7017197,0.2340000,1247,16481919,16481923,1677801757754,false
7017198,0.2341000,1078,16481924,16481929,1677801757754,false
7017199,0.2340000,553,16481930,16481934,1677801757841,true
7017200,0.2340000,719,16481935,16481938,1677801757943,true
7017201,0.2340000,390,16481939,16481940,1677801758173,true
7017202,0.2341000,5590,16481941,16481945,1677801759222,false
7017203,0.2341000,326,16481946,16481947,1677801759234,true
7017204,0.2341000,22,16481948,16481948,1677801759342,true
7017205,0.2341000,972,16481949,16481950,1677801759551,true
7017206,0.2342000,86,16481951,16481952,1677801759753,false
7017207,0.2342000,3761,16481953,16481959,1677801760914,false
7017208,0.2343000,11035,16481960,16481970,1677801760981,false
7017209,0.2344000,4994,16481971,16481975,1677801760981,false
7017210,0.2343000,568,16481976,16481976,1677801761001,true
7017211,0.2342000,2184,16481977,16481979,1677801761001,true
7017212,0.2343000,58,16481980,16481980,1677801761561,false
7017213,0.2343000,267,16481981,16481981,1677801763992,false
7017214,0.2344000,5318,16481982,16481986,1677801763992,false
7017215,0.2345000,2947,16481987,16481991,1677801763992,false
7017216,0.2344000,3254,16481992,16481997,1677801764010,true
7017217,0.2343000,191,16481998,16481998,1677801764124,true
7017218,0.2344000,3699,16481999,16482001,1677801765094,false
7017219,0.2344000,745,16482002,16482004,1677801765124,true
7017220,0.2344000,2360,16482005,16482005,1677801765260,true
7017221,0.2344000,7300,16482006,16482010,1677801765384,true
7017222,0.2344000,5411,16482011,16482011,1677801765529,true
7017223,0.2345000,3990,16482012,16482012,1677801765535,false
7017224,0.2344000,265,16482013,16482013,1677801766931,true
7017225,0.2344000,20055,16482014,16482022,1677801769823,true
7017226,0.2343000,16715,16482023,16482031,1677801769824,true
7017227,0.2342000,5710,16482032,16482037,1677801769843,true
7017228,0.2341000,8487,16482038,16482044,1677801769853,true
7017229,0.2340000,5701,16482045,16482047,1677801769901,true
7017230,0.2339000,5609,16482048,16482050,1677801769994,true
7017231,0.2338000,252,16482051,16482052,1677801769994,true
7017232,0.2339000,86,16482053,16482053,1677801772941,false
7017233,0.2339000,2044,16482054,16482058,1677801775752,false
7017234,0.2339000,2921,16482059,16482062,1677801776751,false
7017235,0.2340000,8346,16482063,16482069,1677801776751,false
7017236,0.2341000,560,16482070,16482071,1677801778844,false
7017237,0.2340000,5277,16482072,16482075,1677801779311,true
7017238,0.2339000,14010,16482076,16482082,1677801779311,true
7017239,0.2338000,16617,16482083,16482090,1677801779312,true
7017240,0.2337000,3099,16482091,16482093,1677801779319,true
7017241,0.2336000,7540,16482094,16482102,1677801779323,true
7017242,0.2335000,6404,16482103,16482107,1677801779344,true
7017243,0.2336000,1625,16482108,16482111,1677801779631,false
7017244,0.2336000,116,16482112,16482112,1677801780434,true
7017245,0.2337000,963,16482113,16482115,1677801780934,false
7017246,0.2338000,3464,16482116,16482118,1677801781148,false
7017247,0.2339000,86,16482119,16482119,1677801781179,false
7017248,0.2338000,484,16482120,16482120,1677801782149,true
7017249,0.2338000,1429,16482121,16482123,1677801782266,true
7017250,0.2338000,824,16482124,16482124,1677801782725,true
7017251,0.2339000,1030,16482125,16482126,1677801782756,false
7017252,0.2338000,397,16482127,16482128,1677801783848,true
7017253,0.2337000,788,16482129,16482129,1677801783848,true
7017254,0.2338000,58,16482130,16482130,1677801787925,false
7017255,0.2338000,86,16482131,16482131,1677801788366,false
7017256,0.2338000,1127,16482132,16482133,1677801789386,false
7017257,0.2338000,212,16482134,16482134,1677801791677,false
7017258,0.2338000,855,16482135,16482135,1677801792806,false
7017259,0.2338000,737,16482136,16482137,1677801793601,false
7017260,0.2339000,3194,16482138,16482140,1677801793601,false
7017261,0.2338000,104,16482141,16482143,1677801793617,true
7017262,0.2338000,872,16482144,16482144,1677801794356,true
7017263,0.2339000,2845,16482145,16482147,1677801794869,false
7017264,0.2340000,433,16482148,16482148,1677801795759,false
7017265,0.2341000,577,16482149,16482150,1677801795759,false
7017266,0.2341000,4357,16482151,16482155,1677801798913,false
7017267,0.2341000,104,16482156,16482157,1677801799076,true
7017268,0.2342000,1915,16482158,16482160,1677801801229,false
7017269,0.2342000,1837,16482161,16482163,1677801802164,false
7017270,0.2341000,2850,16482164,16482167,1677801804555,false
7017271,0.2342000,2812,16482168,16482169,1677801804592,false
7017272,0.2342000,1522,16482170,16482172,1677801805051,true
7017273,0.2342000,217,16482173,16482173,1677801809262,true
7017274,0.2342000,8861,16482174,16482177,1677801809833,true
7017275,0.2341000,1797,16482178,16482180,1677801809846,true
7017276,0.2340000,228,16482181,16482182,1677801809851,true
7017277,0.2340000,500,16482183,16482183,1677801809887,false
7017278,0.2341000,1210,16482184,16482185,1677801814249,false
7017279,0.2340000,35,16482186,16482186,1677801814250,true
7017280,0.2339000,411,16482187,16482187,1677801814250,true
7017281,0.2340000,58,16482188,16482188,1677801815287,false
7017282,0.2339000,1231,16482189,16482190,1677801818611,true
7017283,0.2338000,15,16482191,16482191,1677801818611,true
7017284,0.2339000,1797,16482192,16482193,1677801825577,false
7017285,0.2338000,2255,16482194,16482196,1677801825665,true
7017286,0.2338000,8035,16482197,16482201,1677801825681,false
7017287,0.2339000,58,16482202,16482202,1677801826409,false
7017288,0.2339000,502,16482203,16482203,1677801830305,false
7017289,0.2339000,427,16482204,16482206,1677801832254,false
7017290,0.2338000,115,16482207,16482207,1677801840507,true
7017291,0.2339000,1308,16482208,16482209,1677801844229,false
7017292,0.2338000,98,16482210,16482210,1677801846041,true
7017293,0.2339000,1892,16482211,16482213,1677801850363,false
7017294,0.2339000,97,16482214,16482214,1677801857247,true
7017295,0.2339000,967,16482215,16482216,1677801857779,true
7017296,0.2339000,15773,16482217,16482224,1677801858282,true
7017297,0.2338000,97,16482225,16482225,1677801866439,true
7017298,0.2339000,6384,16482226,16482232,1677801869813,false
7017299,0.2339000,912,16482233,16482233,1677801873093,false
7017300,0.2338000,7241,16482234,16482238,1677801873735,true
7017301,0.2337000,1779,16482239,16482242,1677801873738,true
7017302,0.2337000,647,16482243,16482243,1677801873780,false
7017303,0.2337000,1489,16482244,16482245,1677801877935,false
7017304,0.2336000,97,16482246,16482246,1677801880558,true
7017305,0.2336000,2153,16482247,16482248,1677801883494,true
7017306,0.2335000,4074,16482249,16482254,1677801883494,true
7017307,0.2335000,3676,16482255,16482256,1677801884417,true
7017308,0.2334000,102,16482257,16482257,1677801884417,true
7017309,0.2334000,97,16482258,16482258,1677801889762,true
7017310,0.2334000,1966,16482259,16482262,1677801890096,true
7017311,0.2333000,1581,16482263,16482263,1677801890096,true
7017312,0.2334000,500,16482264,16482264,1677801890110,false
7017313,0.2334000,9221,16482265,16482270,1677801890621,false
7017314,0.2335000,2337,16482271,16482274,1677801890679,false
7017315,0.2334000,2255,16482275,16482276,1677801890679,true
7017316,0.2335000,5113,16482277,16482282,1677801894582,false
7017317,0.2334000,435,16482283,16482283,1677801895998,true
7017318,0.2334000,2369,16482284,16482286,1677801896279,false
7017319,0.2335000,1433,16482287,16482288,1677801896279,false
7017320,0.2333000,97,16482289,16482289,1677801897887,true
7017321,0.2334000,2203,16482290,16482292,1677801899087,false
7017322,0.2335000,824,16482293,16482294,1677801899576,false
7017323,0.2334000,116,16482295,16482295,1677801900476,true
7017324,0.2334000,876,16482296,16482297,1677801902312,true
7017325,0.2334000,443,16482298,16482298,1677801902627,true
7017326,0.2335000,1202,16482299,16482300,1677801904152,false
7017327,0.2334000,5017,16482301,16482307,1677801904369,true
7017328,0.2333000,2592,16482308,16482312,1677801908048,true
7017329,0.2332000,97,16482313,16482313,1677801908120,true
7017330,0.2333000,155,16482314,16482314,1677801909576,false
7017331,0.2333000,840,16482315,16482315,1677801911561,false
7017332,0.2332000,4368,16482316,16482325,1677801912313,true
7017333,0.2331000,281,16482326,16482326,1677801912313,true
7017334,0.2331000,2433,16482327,16482330,1677801913808,false
7017335,0.2331000,325,16482331,16482331,1677801916065,true
7017336,0.2330000,926,16482332,16482335,1677801916065,true
7017337,0.2330000,23,16482336,16482336,1677801916828,true
7017338,0.2331000,2161,16482337,16482339,1677801918575,false
7017339,0.2331000,1615,16482340,16482342,1677801918660,true
7017340,0.2332000,4183,16482343,16482347,1677801918718,false
7017341,0.2332000,2907,16482348,16482351,1677801920169,true
7017342,0.2332000,5345,16482352,16482353,1677801920386,true
7017343,0.2331000,2808,16482354,16482354,1677801920386,true
7017344,0.2331000,500,16482355,16482355,1677801921095,true
7017345,0.2330000,3227,16482356,16482359,1677801921095,true
7017346,0.2330000,1154,16482360,16482360,1677801921401,true
7017347,0.2330000,501,16482361,16482361,1677801922256,true
7017348,0.2329000,2832,16482362,16482364,1677801922256,true
7017349,0.2329000,653,16482365,16482365,1677801926088,true
7017350,0.2329000,3932,16482366,16482371,1677801928548,true
7017351,0.2328000,13020,16482372,16482382,1677801928548,true
7017352,0.2327000,32455,16482383,16482399,1677801928549,true
7017353,0.2326000,6102,16482400,16482403,1677801928550,true
7017354,0.2327000,3690,16482404,16482407,1677801928562,true
7017355,0.2327000,1059,16482408,16482409,1677801928619,false
7017356,0.2328000,160,16482410,16482410,1677801930408,false
7017357,0.2328000,2482,16482411,16482414,1677801930576,false
7017358,0.2329000,1068,16482415,16482416,1677801933423,false
7017359,0.2328000,607,16482417,16482417,1677801936998,true
7017360,0.2329000,1311,16482418,16482418,1677801938603,false
7017361,0.2329000,1231,16482419,16482419,1677801941665,false
7017362,0.2328000,478,16482420,16482420,1677801949874,true
7017363,0.2329000,744,16482421,16482421,1677801949874,false
7017364,0.2329000,552,16482422,16482422,1677801954916,false
7017365,0.2329000,573,16482423,16482423,1677801960893,false
7017366,0.2329000,78,16482424,16482424,1677801974060,false
7017367,0.2329000,2111,16482425,16482429,1677801980054,false
7017368,0.2329000,34,16482430,16482430,1677801981034,false
7017369,0.2329000,41,16482431,16482431,1677801983114,false
7017370,0.2329000,38,16482432,16482432,1677801984100,false
7017371,0.2329000,43,16482433,16482433,1677801985081,false
7017372,0.2329000,40,16482434,16482434,1677801987061,false
7017373,0.2328000,1647,16482435,16482437,1677801987062,true
7017374,0.2328000,168,16482438,16482438,1677801988059,false
7017375,0.2328000,39,16482439,16482439,1677801990342,false
7017376,0.2328000,169,16482440,16482440,1677801994366,false
7017377,0.2328000,170,16482441,16482441,1677801995051,false
7017378,0.2327000,946,16482442,16482444,1677801996878,true
7017379,0.2328000,168,16482445,16482447,1677801998123,false
7017380,0.2328000,170,16482448,16482448,1677801999174,false
7017381,0.2328000,62,16482449,16482449,1677802002365,false
7017382,0.2328000,169,16482450,16482450,1677802003047,false
7017383,0.2328000,351,16482451,16482451,1677802005299,false
7017384,0.2328000,169,16482452,16482452,1677802006102,false
7017385,0.2328000,4856,16482453,16482458,1677802010039,false
7017386,0.2328000,499,16482459,16482460,1677802010825,false
7017387,0.2328000,131,16482461,16482461,1677802011030,false
7017388,0.2327000,11022,16482462,16482473,1677802012779,true
7017389,0.2327000,32,16482474,16482474,1677802012920,true
7017390,0.2328000,130,16482475,16482475,1677802013118,false
7017391,0.2327000,105,16482476,16482476,1677802013165,true
7017392,0.2327000,131,16482477,16482477,1677802014106,false
7017393,0.2326000,3010,16482478,16482479,1677802014615,true
7017394,0.2327000,131,16482480,16482480,1677802015093,false
7017395,0.2327000,3415,16482481,16482482,1677802016641,false
7017396,0.2327000,131,16482483,16482483,1677802017058,false
7017397,0.2327000,25,16482484,16482484,1677802017289,false
7017398,0.2326000,1392,16482485,16482485,1677802020636,true
7017399,0.2325000,441,16482486,16482487,1677802020676,true
7017400,0.2326000,229,16482488,16482488,1677802021192,false
7017401,0.2326000,3534,16482489,16482489,1677802022710,false
7017402,0.2326000,547,16482490,16482490,1677802022823,false
7017403,0.2326000,605,16482491,16482491,1677802023432,false
7017404,0.2326000,131,16482492,16482492,1677802024064,false
7017405,0.2326000,131,16482493,16482493,1677802025038,false
7017406,0.2326000,11937,16482494,16482496,1677802027124,false
7017407,0.2326000,14937,16482497,16482505,1677802027230,false
7017408,0.2326000,128,16482506,16482506,1677802027327,true
7017409,0.2327000,2024,16482507,16482509,1677802027450,false
7017410,0.2326000,1293,16482510,16482511,1677802029028,true
7017411,0.2327000,7358,16482512,16482515,1677802032415,false
7017412,0.2328000,640,16482516,16482517,1677802037640,false
7017413,0.2327000,52,16482518,16482518,1677802037780,true
7017414,0.2327000,52,16482519,16482519,1677802037988,true
7017415,0.2328000,33,16482520,16482520,1677802040061,false
7017416,0.2328000,33,16482521,16482521,1677802041025,false
7017417,0.2327000,1504,16482522,16482525,1677802042218,true
7017418,0.2327000,169,16482526,16482526,1677802042320,true
7017419,0.2326000,164,16482527,16482527,1677802043103,false
7017420,0.2326000,163,16482528,16482528,1677802044096,false
7017421,0.2325000,688,16482529,16482531,1677802045046,true
7017422,0.2326000,163,16482532,16482532,1677802045072,false
7017423,0.2326000,163,16482533,16482534,1677802047041,false
7017424,0.2326000,164,16482535,16482535,1677802048042,false
7017425,0.2326000,164,16482536,16482536,1677802050172,false
7017426,0.2326000,33,16482537,16482537,1677802051089,false
7017427,0.2326000,2000,16482538,16482539,1677802051320,false
7017428,0.2327000,655,16482540,16482541,1677802056323,false
7017429,0.2327000,32,16482542,16482542,1677802058177,false
7017430,0.2327000,33,16482543,16482543,1677802059033,false
7017431,0.2327000,33,16482544,16482544,1677802062108,false
7017432,0.2327000,33,16482545,16482546,1677802063092,false
7017433,0.2326000,1719,16482547,16482549,1677802064654,true
7017434,0.2327000,33,16482550,16482550,1677802066043,false
7017435,0.2326000,5710,16482551,16482554,1677802071235,true
7017436,0.2325000,11142,16482555,16482563,1677802071235,true
7017437,0.2324000,4328,16482564,16482569,1677802071235,true
7017438,0.2325000,556,16482570,16482570,1677802077538,false
7017439,0.2325000,65,16482571,16482571,1677802078091,false
7017440,0.2325000,1797,16482572,16482572,1677802078707,false
7017441,0.2326000,80,16482573,16482573,1677802078707,false
7017442,0.2325000,579,16482574,16482575,1677802080209,true
7017443,0.2326000,820,16482576,16482577,1677802083843,false
7017444,0.2326000,33,16482578,16482578,1677802084106,false
7017445,0.2326000,33,16482579,16482579,1677802085090,false
7017446,0.2326000,33,16482580,16482580,1677802087092,false
7017447,0.2326000,131,16482581,16482581,1677802088077,false
7017448,0.2326000,131,16482582,16482583,1677802089057,false
7017449,0.2326000,1172,16482584,16482585,1677802090253,false
7017450,0.2326000,130,16482586,16482586,1677802092029,false
7017451,0.2326000,131,16482587,16482587,1677802093133,false
7017452,0.2326000,130,16482588,16482588,1677802096074,false
7017453,0.2325000,572,16482589,16482590,1677802096594,true
7017454,0.2325000,1079,16482591,16482592,1677802099017,true
7017455,0.2325000,220,16482593,16482593,1677802100027,false
7017456,0.2325000,220,16482594,16482595,1677802101131,false
7017457,0.2325000,89,16482596,16482596,1677802103106,false
7017458,0.2325000,90,16482597,16482597,1677802104090,false
7017459,0.2325000,90,16482598,16482598,1677802105074,false
7017460,0.2324000,441,16482599,16482600,1677802105129,true
7017461,0.2325000,90,16482601,16482601,1677802107044,false
7017462,0.2325000,24,16482602,16482602,1677802108029,false
7017463,0.2325000,89,16482603,16482603,1677802111121,false
7017464,0.2324000,2680,16482604,16482605,1677802113663,true
7017465,0.2324000,89,16482606,16482606,1677802114134,false
7017466,0.2324000,89,16482607,16482607,1677802115101,false
7017467,0.2323000,2131,16482608,16482612,1677802116228,true
7017468,0.2322000,2743,16482613,16482622,1677802116228,true
7017469,0.2323000,220,16482623,16482623,1677802117070,false
7017470,0.2323000,220,16482624,16482624,1677802118078,false
7017471,0.2323000,220,16482625,16482625,1677802119057,false
7017472,0.2323000,500,16482626,16482627,1677802119544,false
7017473,0.2323000,1411,16482628,16482628,1677802121717,false
7017474,0.2323000,220,16482629,16482629,1677802122134,false
7017475,0.2323000,2310,16482630,16482631,1677802122288,false
7017476,0.2323000,220,16482632,16482632,1677802123132,false
7017477,0.2323000,1419,16482633,16482635,1677802124932,false
7017478,0.2323000,220,16482636,16482636,1677802126057,false
7017479,0.2322000,92,16482637,16482637,1677802127226,true
7017480,0.2322000,46,16482638,16482638,1677802128033,true
7017481,0.2323000,7412,16482639,16482644,1677802129306,false
7017482,0.2324000,429,16482645,16482645,1677802129620,false
7017483,0.2324000,3802,16482646,16482647,1677802133846,true
7017484,0.2325000,89,16482648,16482648,1677802140110,false
7017485,0.2324000,127,16482649,16482649,1677802140716,true
7017486,0.2324000,603,16482650,16482651,1677802145402,true
7017487,0.2323000,104,16482652,16482653,1677802145405,true
7017488,0.2324000,3615,16482654,16482657,1677802145698,false
7017489,0.2324000,598,16482658,16482659,1677802146662,true
7017490,0.2324000,2035,16482660,16482661,1677802147164,true
7017491,0.2323000,840,16482662,16482663,1677802174286,true
7017492,0.2324000,546,16482664,16482664,1677802176909,false
7017493,0.2324000,612,16482665,16482667,1677802194186,false
7017494,0.2323000,3742,16482668,16482669,1677802201163,true
7017495,0.2322000,462,16482670,16482672,1677802202780,true
7017496,0.2322000,25,16482673,16482673,1677802203198,true
7017497,0.2323000,151,16482674,16482674,1677802204062,false
7017498,0.2322000,2365,16482675,16482677,1677802204235,true
7017499,0.2322000,2561,16482678,16482682,1677802204563,true
7017500,0.2322000,150,16482683,16482683,1677802205046,false
7017501,0.2321000,894,16482684,16482685,1677802213197,true
7017502,0.2322000,824,16482686,16482687,1677802219970,false
7017503,0.2321000,1700,16482688,16482691,1677802220056,true
7017504,0.2322000,1026,16482692,16482693,1677802220689,false
7017505,0.2321000,1209,16482694,16482695,1677802221400,true
7017506,0.2320000,3082,16482696,16482698,1677802222265,true
7017507,0.2321000,95,16482699,16482700,1677802223348,false
7017508,0.2321000,90,16482701,16482702,1677802224341,false
7017509,0.2321000,97,16482703,16482703,1677802225422,false
7017510,0.2321000,94,16482704,16482704,1677802227394,false
7017511,0.2320000,44414,16482705,16482711,1677802228073,true
7017512,0.2319000,20171,16482712,16482724,1677802228073,true
7017513,0.2319000,155,16482725,16482725,1677802228403,false
7017514,0.2319000,154,16482726,16482726,1677802230363,false
7017515,0.2319000,159,16482727,16482728,1677802231335,false
7017516,0.2319000,32,16482729,16482729,1677802237362,false
7017517,0.2319000,24,16482730,16482730,1677802238685,false
7017518,0.2319000,31,16482731,16482731,1677802239346,false
7017519,0.2319000,1746,16482732,16482733,1677802242412,false
7017520,0.2319000,568,16482734,16482734,1677802242691,false
7017521,0.2319000,30,16482735,16482735,1677802243393,false
7017522,0.2319000,28,16482736,16482736,1677802246348,false
7017523,0.2318000,351,16482737,16482737,1677802249149,true
7017524,0.2319000,157,16482738,16482738,1677802250399,false
7017525,0.2319000,160,16482739,16482740,1677802251395,false
7017526,0.2319000,10783,16482741,16482745,1677802251774,false
7017527,0.2320000,65,16482746,16482746,1677802253372,false
7017528,0.2320000,66,16482747,16482747,1677802254037,false
7017529,0.2320000,66,16482748,16482748,1677802255020,false
7017530,0.2320000,65,16482749,16482749,1677802257115,false
7017531,0.2319000,1091,16482750,16482751,1677802263029,true
7017532,0.2319000,4868,16482752,16482758,1677802274795,true
7017533,0.2318000,3479,16482759,16482767,1677802285650,true
7017534,0.2317000,3944,16482768,16482771,1677802285650,true
7017535,0.2318000,133,16482772,16482772,1677802287044,false
7017536,0.2317000,8800,16482773,16482773,1677802287846,true
7017537,0.2316000,11619,16482774,16482781,1677802287846,true
7017538,0.2315000,15661,16482782,16482795,1677802287846,true
7017539,0.2314000,25381,16482796,16482809,1677802287846,true
7017540,0.2313000,2230,16482810,16482810,1677802287847,true
7017541,0.2314000,666,16482811,16482812,1677802287856,true
7017542,0.2313000,216,16482813,16482814,1677802287861,true
7017543,0.2314000,329,16482815,16482815,1677802288028,false
7017544,0.2314000,265,16482816,16482817,1677802288243,false
7017545,0.2313000,7710,16482818,16482819,1677802290095,true
7017546,0.2312000,10821,16482820,16482831,1677802290095,true
7017547,0.2313000,460,16482832,16482833,1677802290134,false
7017548,0.2313000,5442,16482834,16482837,1677802290283,false
7017549,0.2314000,329,16482838,16482839,1677802291086,false
7017550,0.2314000,1089,16482840,16482841,1677802292128,false
7017551,0.2314000,128,16482842,16482842,1677802292331,false
7017552,0.2314000,668,16482843,16482846,1677802294099,false
7017553,0.2314000,8490,16482847,16482852,1677802294951,true
7017554,0.2315000,340,16482853,16482853,1677802295087,false
7017555,0.2315000,328,16482854,16482855,1677802297073,false
7017556,0.2315000,329,16482856,16482856,1677802298052,false
7017557,0.2315000,329,16482857,16482857,1677802299033,false
7017558,0.2315000,1668,16482858,16482858,1677802300059,false
7017559,0.2315000,329,16482859,16482859,1677802302120,false
7017560,0.2315000,329,16482860,16482860,1677802303076,false
7017561,0.2315000,329,16482861,16482861,1677802306034,false
7017562,0.2315000,8435,16482862,16482867,1677802306525,false
7017563,0.2316000,263,16482868,16482868,1677802310079,false
7017564,0.2315000,11364,16482869,16482875,1677802311021,true
7017565,0.2316000,264,16482876,16482876,1677802311062,false
7017566,0.2315000,482,16482877,16482877,1677802311813,true
7017567,0.2316000,264,16482878,16482878,1677802313030,false
7017568,0.2316000,263,16482879,16482879,1677802314326,false
7017569,0.2316000,1149,16482880,16482882,1677802315014,false
7017570,0.2316000,502,16482883,16482884,1677802315656,true
7017571,0.2317000,973,16482885,16482887,1677802322259,false
7017572,0.2317000,470,16482888,16482888,1677802322941,false
7017573,0.2317000,967,16482889,16482890,1677802323548,false
7017574,0.2317000,5828,16482891,16482894,1677802325455,false
7017575,0.2318000,43,16482895,16482895,1677802326842,false
7017576,0.2317000,216,16482896,16482896,1677802337974,true
7017577,0.2317000,7769,16482897,16482907,1677802343618,true
7017578,0.2316000,216,16482908,16482908,1677802343622,true
7017579,0.2316000,22,16482909,16482909,1677802347941,true
7017580,0.2316000,1310,16482910,16482910,1677802350287,true
7017581,0.2316000,94,16482911,16482911,1677802351466,true
7017582,0.2317000,303,16482912,16482912,1677802351600,false
7017583,0.2316000,327,16482913,16482913,1677802353636,true
7017584,0.2316000,8638,16482914,16482922,1677802361496,true
7017585,0.2316000,1715,16482923,16482924,1677802361603,true
7017586,0.2316000,1252,16482925,16482926,1677802371364,false
7017587,0.2315000,4651,16482927,16482932,1677802376488,true
7017588,0.2314000,216,16482933,16482933,1677802376494,true
7017589,0.2315000,192,16482934,16482934,1677802377055,false
7017590,0.2314000,1083,16482935,16482935,1677802378717,true
7017591,0.2315000,23904,16482936,16482950,1677802380726,false
7017592,0.2315000,98,16482951,16482951,1677802380847,true
7017593,0.2315000,1081,16482952,16482956,1677802384654,true
7017594,0.2314000,705,16482957,16482957,1677802384687,true
7017595,0.2314000,883,16482958,16482958,1677802392852,true
7017596,0.2315000,59,16482959,16482959,1677802400083,false
7017597,0.2315000,59,16482960,16482960,1677802401069,false
7017598,0.2315000,94,16482961,16482961,1677802402317,false
7017599,0.2315000,59,16482962,16482962,1677802403052,false
7017600,0.2315000,59,16482963,16482963,1677802404059,false
7017601,0.2315000,59,16482964,16482964,1677802405037,false
7017602,0.2314000,7473,16482965,16482976,1677802412471,true
7017603,0.2313000,993,16482977,16482977,1677802415929,true
7017604,0.2313000,198,16482978,16482979,1677802416270,true
7017605,0.2313000,865,16482980,16482980,1677802416858,true
7017606,0.2313000,125,16482981,16482981,1677802417103,false
7017607,0.2313000,125,16482982,16482982,1677802418104,false
7017608,0.2312000,104,16482983,16482985,1677802419046,true
7017609,0.2313000,125,16482986,16482986,1677802419064,false
7017610,0.2312000,354,16482987,16482989,1677802419129,true
7017611,0.2313000,124,16482990,16482990,1677802422052,false
7017612,0.2312000,100,16482991,16482991,1677802422756,true
7017613,0.2313000,125,16482992,16482992,1677802423019,false
7017614,0.2313000,124,16482993,16482993,1677802426081,false
7017615,0.2312000,7000,16482994,16482997,1677802428013,true
7017616,0.2312000,3644,16482998,16483003,1677802428208,false
7017617,0.2312000,104,16483004,16483005,1677802429514,true
7017618,0.2313000,131,16483006,16483007,1677802430022,false
7017619,0.2313000,131,16483008,16483008,1677802431111,false
7017620,0.2313000,564,16483009,16483010,1677802431844,false
7017621,0.2313000,131,16483011,16483011,1677802433081,false
7017622,0.2313000,131,16483012,16483012,1677802434072,false
7017623,0.2313000,131,16483013,16483013,1677802435050,false
7017624,0.2312000,2908,16483014,16483017,1677802436734,true
7017625,0.2312000,129,16483018,16483019,1677802437026,false
7017626,0.2312000,125,16483020,16483020,1677802438122,false
7017627,0.2311000,851,16483021,16483021,1677802440015,true
7017628,0.2311000,199,16483022,16483024,1677802441008,true
7017629,0.2310000,7903,16483025,16483029,1677802441008,true
7017630,0.2311000,256,16483030,16483030,1677802441079,false
7017631,0.2311000,468,16483031,16483032,1677802442610,false
7017632,0.2311000,13227,16483033,16483044,1677802444040,false
7017633,0.2312000,125,16483045,16483046,1677802445041,false
7017634,0.2312000,39,16483047,16483047,1677802446008,false
7017635,0.2312000,82,16483048,16483048,1677802450469,false
7017636,0.2311000,1256,16483049,16483050,1677802451673,true
7017637,0.2311000,132,16483051,16483051,1677802452018,false
7017638,0.2311000,131,16483052,16483052,1677802453150,false
7017639,0.2311000,47,16483053,16483053,1677802455082,false
7017640,0.2311000,121,16483054,16483055,1677802460113,false
7017641,0.2311000,120,16483056,16483056,1677802461096,false
7017642,0.2311000,120,16483057,16483057,1677802463076,false
7017643,0.2311000,121,16483058,16483058,1677802464053,false
7017644,0.2311000,121,16483059,16483059,1677802465033,false
7017645,0.2311000,120,16483060,16483060,1677802467112,false
7017646,0.2311000,121,16483061,16483061,1677802468099,false
7017647,0.2311000,114,16483062,16483062,1677802470070,false
7017648,0.2310000,225,16483063,16483063,1677802474671,true
7017649,0.2311000,120,16483064,16483064,1677802475037,false
7017650,0.2310000,857,16483065,16483066,1677802475596,true
7017651,0.2309000,234,16483067,16483067,1677802475607,true
7017652,0.2310000,186,16483068,16483068,1677802477112,false
7017653,0.2310000,186,16483069,16483069,1677802478099,false
7017654,0.2310000,186,16483070,16483070,1677802479085,false
7017655,0.2310000,55,16483071,16483071,1677802482035,false
7017656,0.2310000,55,16483072,16483072,1677802483041,false
7017657,0.2310000,54,16483073,16483073,1677802485151,false
7017658,0.2310000,187,16483074,16483074,1677802486105,false
7017659,0.2310000,65,16483075,16483075,1677802490052,false
7017660,0.2310000,66,16483076,16483077,1677802491061,false
7017661,0.2310000,66,16483078,16483078,1677802493112,false
7017662,0.2310000,65,16483079,16483079,1677802494100,false
7017663,0.2309000,5547,16483080,16483086,1677802494881,true
7017664,0.2308000,1346,16483087,16483087,1677802494881,true
7017665,0.2310000,65,16483088,16483088,1677802495081,false
7017666,0.2309000,553,16483089,16483089,1677802495825,false
7017667,0.2310000,66,16483090,16483090,1677802497053,false
7017668,0.2310000,8510,16483091,16483099,1677802498040,false
7017669,0.2312000,465,16483100,16483100,1677802502776,false
7017670,0.2312000,500,16483101,16483101,1677802503382,false
7017671,0.2311000,1486,16483102,16483105,1677802503864,true
7017672,0.2312000,3547,16483106,16483108,1677802515456,false
7017673,0.2312000,403,16483109,16483110,1677802520090,false
7017674,0.2312000,408,16483111,16483112,1677802521066,false
7017675,0.2311000,4203,16483113,16483118,1677802522024,true
7017676,0.2312000,407,16483119,16483119,1677802523037,false
7017677,0.2312000,403,16483120,16483120,1677802524035,false
7017678,0.2312000,412,16483121,16483121,1677802525115,false
7017679,0.2312000,406,16483122,16483123,1677802527083,false
7017680,0.2312000,402,16483124,16483124,1677802528075,false
7017681,0.2312000,466,16483125,16483126,1677802530069,false
7017682,0.2312000,10424,16483127,16483129,1677802530886,false
7017683,0.2312000,461,16483130,16483131,1677802531039,false
7017684,0.2312000,459,16483132,16483132,1677802534410,false
7017685,0.2312000,91,16483133,16483133,1677802536076,false
7017686,0.2312000,411,16483134,16483135,1677802537050,false
7017687,0.2312000,401,16483136,16483136,1677802538052,false
7017688,0.2312000,410,16483137,16483138,1677802539033,false
7017689,0.2312000,61,16483139,16483139,1677802541090,false
7017690,0.2312000,44,16483140,16483140,1677802541495,true
7017691,0.2313000,403,16483141,16483141,1677802542102,false
7017692,0.2312000,236,16483142,16483142,1677802542676,true
7017693,0.2311000,1435,16483143,16483143,1677802542676,true
7017694,0.2312000,409,16483144,16483144,1677802543081,false
7017695,0.2311000,5442,16483145,16483147,1677802543321,true
7017696,0.2311000,544,16483148,16483148,1677802545051,false
7017697,0.2311000,536,16483149,16483151,1677802546348,false
7017698,0.2311000,60,16483152,16483152,1677802549098,false
7017699,0.2311000,132,16483153,16483153,1677802550087,false
7017700,0.2311000,131,16483154,16483154,1677802551069,false
7017701,0.2311000,131,16483155,16483155,1677802553347,false
7017702,0.2311000,131,16483156,16483156,1677802554026,false
7017703,0.2311000,131,16483157,16483157,1677802555120,false
7017704,0.2311000,132,16483158,16483158,1677802557084,false
7017705,0.2311000,131,16483159,16483159,1677802558072,false
7017706,0.2310000,2097,16483160,16483163,1677802560058,true
7017707,0.2309000,8709,16483164,16483169,1677802560058,true
7017708,0.2308000,570,16483170,16483173,1677802560071,true
7017709,0.2309000,131,16483174,16483174,1677802560073,false
7017710,0.2308000,1169,16483175,16483180,1677802560074,true
7017711,0.2307000,577,16483181,16483186,1677802561109,true
7017712,0.2308000,327,16483187,16483187,1677802561331,false
7017713,0.2308000,142,16483188,16483188,1677802563112,false
7017714,0.2308000,328,16483189,16483190,1677802564409,false
7017715,0.2308000,803,16483191,16483192,1677802565394,false
7017716,0.2308000,328,16483193,16483194,1677802566066,false
7017717,0.2308000,328,16483195,16483195,1677802567052,false
7017718,0.2308000,328,16483196,16483196,1677802568043,false
7017719,0.2308000,328,16483197,16483197,1677802569020,false
7017720,0.2308000,327,16483198,16483198,1677802571097,false
7017721,0.2308000,1207,16483199,16483201,1677802572089,false
7017722,0.2308000,328,16483202,16483202,1677802573065,false
7017723,0.2309000,65,16483203,16483203,1677802575032,false
7017724,0.2309000,65,16483204,16483204,1677802576024,false
7017725,0.2309000,66,16483205,16483205,1677802579081,false
7017726,0.2309000,52,16483206,16483206,1677802580084,false
7017727,0.2309000,53,16483207,16483207,1677802581050,false
7017728,0.2309000,53,16483208,16483208,1677802583020,false
7017729,0.2308000,325,16483209,16483209,1677802583792,true
7017730,0.2308000,183,16483210,16483210,1677802584147,false
7017731,0.2308000,184,16483211,16483211,1677802585099,false
7017732,0.2307000,375,16483212,16483212,1677802586694,true
7017733,0.2306000,5928,16483213,16483219,1677802586694,true
7017734,0.2306000,315,16483220,16483220,1677802588066,false
7017735,0.2306000,192,16483221,16483221,1677802589035,false
7017736,0.2306000,119,16483222,16483223,1677802591120,false
7017737,0.2306000,119,16483224,16483224,1677802593024,false
7017738,0.2306000,118,16483225,16483225,1677802594117,false
7017739,0.2306000,119,16483226,16483226,1677802595099,false
7017740,0.2305000,330,16483227,16483229,1677802595394,true
7017741,0.2305000,184,16483230,16483230,1677802596085,false
7017742,0.2305000,184,16483231,16483231,1677802597067,false
7017743,0.2305000,45,16483232,16483232,1677802598086,false
7017744,0.2305000,185,16483233,16483233,1677802599041,false
7017745,0.2304000,525,16483234,16483234,1677802601009,true
7017746,0.2305000,185,16483235,16483235,1677802601113,false
7017747,0.2305000,184,16483236,16483236,1677802602103,false
7017748,0.2304000,1777,16483237,16483238,1677802602815,true
7017749,0.2303000,392,16483239,16483239,1677802602815,true
7017750,0.2304000,184,16483240,16483240,1677802603073,false
7017751,0.2304000,316,16483241,16483241,1677802605047,false
7017752,0.2303000,1702,16483242,16483245,1677802605838,true
7017753,0.2302000,21831,16483246,16483255,1677802605838,true
7017754,0.2301000,10158,16483256,16483265,1677802605840,true
7017755,0.2300000,4921,16483266,16483271,1677802605841,true
7017756,0.2301000,3302,16483272,16483274,1677802605895,false
7017757,0.2302000,514,16483275,16483275,1677802606035,false
7017758,0.2302000,399,16483276,16483277,1677802607015,false
7017759,0.2302000,513,16483278,16483278,1677802609096,false
7017760,0.2302000,1377,16483279,16483282,1677802610045,false
7017761,0.2302000,526,16483283,16483283,1677802611377,false
7017762,0.2302000,526,16483284,16483285,1677802613030,false
7017763,0.2301000,1967,16483286,16483288,1677802613512,true
7017764,0.2300000,897,16483289,16483289,1677802613512,true
7017765,0.2301000,4345,16483290,16483290,1677802613584,false
7017766,0.2302000,395,16483291,16483292,1677802614023,false
7017767,0.2302000,395,16483293,16483293,1677802615109,false
7017768,0.2302000,1986,16483294,16483296,1677802617081,false
7017769,0.2302000,153,16483297,16483297,1677802618071,false
7017770,0.2302000,264,16483298,16483298,1677802619047,false
7017771,0.2302000,114,16483299,16483299,1677802620274,false
7017772,0.2302000,264,16483300,16483300,1677802621016,false
7017773,0.2302000,263,16483301,16483301,1677802623093,false
7017774,0.2302000,8691,16483302,16483305,1677802624100,false
7017775,0.2303000,29,16483306,16483306,1677802624231,false
7017776,0.2303000,198,16483307,16483307,1677802625077,false
7017777,0.2302000,53,16483308,16483308,1677802626045,true
7017778,0.2303000,132,16483309,16483309,1677802627048,false
7017779,0.2303000,131,16483310,16483310,1677802629016,false
7017780,0.2303000,132,16483311,16483311,1677802631094,false
7017781,0.2303000,132,16483312,16483312,1677802632086,false
7017782,0.2303000,6741,16483313,16483317,1677802632433,false
7017783,0.2303000,132,16483318,16483318,1677802633064,false
7017784,0.2302000,49,16483319,16483319,1677802634208,true
7017785,0.2303000,132,16483320,16483320,1677802635030,false
7017786,0.2303000,5479,16483321,16483324,1677802641123,false
7017787,0.2303000,49,16483325,16483325,1677802648375,true
7017788,0.2303000,3572,16483326,16483331,1677802654210,true
7017789,0.2303000,99,16483332,16483332,1677802656047,false
7017790,0.2302000,49,16483333,16483333,1677802658483,true
7017791,0.2303000,319,16483334,16483334,1677802660365,false
7017792,0.2302000,2163,16483335,16483336,1677802664155,true
7017793,0.2303000,30,16483337,16483337,1677802667009,false
7017794,0.2302000,38,16483338,16483338,1677802667105,true
7017795,0.2303000,1594,16483339,16483339,1677802667668,false
7017796,0.2302000,2176,16483340,16483342,1677802667769,true
7017797,0.2302000,49,16483343,16483343,1677802668768,true
7017798,0.2303000,30,16483344,16483344,1677802670024,false
7017799,0.2302000,54,16483345,16483345,1677802670115,true
7017800,0.2302000,3527,16483346,16483350,1677802674488,true
7017801,0.2301000,3590,16483351,16483354,1677802674488,true
7017802,0.2300000,4706,16483355,16483364,1677802674514,true
7017803,0.2300000,99,16483365,16483365,1677802675082,false
7017804,0.2300000,100,16483366,16483366,1677802677052,false
7017805,0.2300000,99,16483367,16483367,1677802679037,false
7017806,0.2300000,116,16483368,16483368,1677802680395,false
7017807,0.2299000,49,16483369,16483369,1677802681019,true
7017808,0.2300000,99,16483370,16483370,1677802681020,false
7017809,0.2300000,472,16483371,16483372,1677802682928,false
7017810,0.2300000,100,16483373,16483373,1677802683115,false
7017811,0.2300000,2187,16483374,16483375,1677802683779,false
7017812,0.2300000,1017,16483376,16483379,1677802684137,false
7017813,0.2300000,10294,16483380,16483382,1677802684468,false
7017814,0.2301000,11201,16483383,16483389,1677802684468,false
7017815,0.2302000,244,16483390,16483390,1677802684468,false
7017816,0.2302000,33,16483391,16483391,1677802685115,false
7017817,0.2301000,500,16483392,16483392,1677802685240,true
7017818,0.2301000,132,16483393,16483393,1677802686066,false
7017819,0.2301000,99,16483394,16483394,1677802687058,false
7017820,0.2301000,100,16483395,16483395,1677802689018,false
7017821,0.2301000,99,16483396,16483396,1677802691114,false
7017822,0.2301000,4113,16483397,16483400,1677802691504,false
7017823,0.2302000,6557,16483401,16483404,1677802691504,false
7017824,0.2302000,33,16483405,16483405,1677802692099,false
7017825,0.2302000,33,16483406,16483406,1677802693082,false
7017826,0.2301000,49,16483407,16483407,1677802694201,true
7017827,0.2302000,33,16483408,16483408,1677802695051,false
7017828,0.2302000,894,16483409,16483409,1677802695936,false
7017829,0.2302000,2066,16483410,16483411,1677802701352,false
7017830,0.2303000,20271,16483412,16483422,1677802701352,false
7017831,0.2304000,10502,16483423,16483431,1677802701352,false
7017832,0.2305000,10256,16483432,16483437,1677802701352,false
7017833,0.2304000,1322,16483438,16483439,1677802701362,false
7017834,0.2304000,118,16483440,16483440,1677802710020,true
7017835,0.2304000,56,16483441,16483441,1677802712560,true
7017836,0.2304000,45,16483442,16483442,1677802717402,true
7017837,0.2304000,2286,16483443,16483450,1677802719961,true
7017838,0.2303000,106,16483451,16483452,1677802719970,true
7017839,0.2301000,112,16483453,16483453,1677802721241,true
7017840,0.2302000,7003,16483454,16483456,1677802721552,false
7017841,0.2302000,54,16483457,16483457,1677802723694,true
7017842,0.2301000,44,16483458,16483458,1677802729523,true
7017843,0.2300000,112,16483459,16483460,1677802732369,true
7017844,0.2300000,54,16483461,16483461,1677802735936,true
7017845,0.2300000,44,16483462,16483462,1677802736710,true
7017846,0.2301000,115,16483463,16483463,1677802740201,false
7017847,0.2300000,149,16483464,16483464,1677802740639,true
7017848,0.2301000,817,16483465,16483466,1677802742583,false
7017849,0.2300000,112,16483467,16483467,1677802742613,true
7017850,0.2301000,826,16483468,16483468,1677802742893,false
7017851,0.2300000,54,16483469,16483469,1677802744091,true
7017852,0.2301000,31,16483470,16483470,1677802745405,false
7017853,0.2301000,110,16483471,16483471,1677802746172,false
7017854,0.2300000,357,16483472,16483472,1677802747864,true
7017855,0.2300000,44,16483473,16483473,1677802749896,true
7017856,0.2301000,31,16483474,16483474,1677802752106,false
7017857,0.2301000,31,16483475,16483475,1677802753091,false
7017858,0.2301000,31,16483476,16483476,1677802755060,false
7017859,0.2300000,54,16483477,16483477,1677802755310,true
7017860,0.2300000,112,16483478,16483478,1677802755786,true
7017861,0.2301000,114,16483479,16483479,1677802759443,false
7017862,0.2300000,67,16483480,16483480,1677802762637,true
7017863,0.2300000,44,16483481,16483481,1677802764067,true
7017864,0.2300000,112,16483482,16483482,1677802766959,true
7017865,0.2300000,54,16483483,16483483,1677802767422,true
7017866,0.2300000,67,16483484,16483484,1677802773828,true
7017867,0.2301000,2752,16483485,16483489,1677802774751,false
7017868,0.2300000,54,16483490,16483490,1677802776529,true
7017869,0.2300000,44,16483491,16483491,1677802777248,true
7017870,0.2301000,1059,16483492,16483492,1677802777961,false
7017871,0.2301000,5189,16483493,16483500,1677802778135,false
7017872,0.2301000,112,16483501,16483501,1677802779119,true
7017873,0.2301000,67,16483502,16483502,1677802784959,true
7017874,0.2301000,44,16483503,16483503,1677802785402,true
7017875,0.2301000,67,16483504,16483504,1677802795220,true
7017876,0.2302000,120,16483505,16483505,1677802800267,false
7017877,0.2302000,969,16483506,16483506,1677802803847,false
7017878,0.2301000,719,16483507,16483508,1677802804602,true
7017879,0.2302000,668,16483509,16483510,1677802806662,false
7017880,0.2301000,5631,16483511,16483522,1677802809404,true
7017881,0.2302000,499,16483523,16483523,1677802809959,false
7017882,0.2301000,2790,16483524,16483528,1677802816576,true
7017883,0.2301000,86,16483529,16483529,1677802818189,false
7017884,0.2300000,2392,16483530,16483532,1677802818310,true
7017885,0.2301000,273,16483533,16483533,1677802820101,false
7017886,0.2300000,850,16483534,16483534,1677802824003,true
7017887,0.2300000,5674,16483535,16483541,1677802825089,true
7017888,0.2301000,5930,16483542,16483545,1677802825089,false
7017889,0.2302000,1893,16483546,16483548,1677802825089,false
7017890,0.2303000,13861,16483549,16483553,1677802825089,false
7017891,0.2302000,67,16483554,16483554,1677802825765,true
7017892,0.2303000,331,16483555,16483555,1677802827335,false
7017893,0.2303000,216,16483556,16483556,1677802844905,true
7017894,0.2303000,216,16483557,16483557,1677802845104,true
7017895,0.2303000,184,16483558,16483558,1677802850269,true
7017896,0.2303000,23,16483559,16483559,1677802857034,false
7017897,0.2303000,4829,16483560,16483565,1677802861231,false
7017898,0.2304000,997,16483566,16483567,1677802863780,false
7017899,0.2304000,3103,16483568,16483570,1677802864244,false
7017900,0.2305000,821,16483571,16483572,1677802864271,false
7017901,0.2305000,75,16483573,16483573,1677802868261,false
7017902,0.2305000,293,16483574,16483575,1677802871067,false
7017903,0.2304000,15,16483576,16483576,1677802871067,true
7017904,0.2305000,2137,16483577,16483579,1677802873471,true
7017905,0.2306000,40,16483580,16483580,1677802877367,false
7017906,0.2305000,782,16483581,16483582,1677802895270,false
7017907,0.2304000,4357,16483583,16483590,1677802896409,true
7017908,0.2303000,997,16483591,16483591,1677802903086,true
7017909,0.2301000,2052,16483592,16483595,1677802916049,true
7017910,0.2300000,106,16483596,16483597,1677802937180,true
7017911,0.2301000,2173,16483598,16483602,1677802941237,false
7017912,0.2300000,57,16483603,16483603,1677802942369,true
7017913,0.2300000,187,16483604,16483605,1677802945850,true
7017914,0.2301000,8786,16483606,16483614,1677802949563,false
7017915,0.2302000,1610,16483615,16483616,1677802949591,false
7017916,0.2302000,159,16483617,16483619,1677802949643,true
7017917,0.2302000,123,16483620,16483621,1677802949757,true
7017918,0.2302000,55,16483622,16483622,1677802950469,true
7017919,0.2302000,145,16483623,16483624,1677802950604,true
7017920,0.2302000,293,16483625,16483627,1677802950745,true
7017921,0.2301000,35,16483628,16483628,1677802950801,true
7017922,0.2302000,719,16483629,16483630,1677802955820,false
7017923,0.2301000,184,16483631,16483631,1677802959101,true
7017924,0.2301000,55,16483632,16483632,1677802964627,true
7017925,0.2301000,184,16483633,16483633,1677802966274,true
7017926,0.2301000,184,16483634,16483635,1677802975506,true
7017927,0.2301000,55,16483636,16483636,1677802978735,true
7017928,0.2301000,184,16483637,16483637,1677802983669,true
7017929,0.2302000,4674,16483638,16483641,1677802987302,false
7017930,0.2302000,55,16483642,16483642,1677802988824,true
7017931,0.2302000,4330,16483643,16483653,1677802989954,true
7017932,0.2302000,184,16483654,16483654,1677802995835,true
7017933,0.2302000,55,16483655,16483655,1677802998994,true
7017934,0.2302000,184,16483656,16483657,1677803007026,true
7017935,0.2303000,929,16483658,16483658,1677803008637,false
7017936,0.2302000,55,16483659,16483659,1677803012170,true
7017937,0.2303000,959,16483660,16483661,1677803026449,true
7017938,0.2302000,241,16483662,16483662,1677803033652,true
7017939,0.2303000,551,16483663,16483664,1677803042751,false
7017940,0.2302000,241,16483665,16483665,1677803042849,true
7017941,0.2302000,241,16483666,16483666,1677803053038,true
7017942,0.2302000,2884,16483667,16483668,1677803058108,true
7017943,0.2302000,241,16483669,16483669,1677803062289,true
7017944,0.2303000,40,16483670,16483670,1677803064385,false
7017945,0.2302000,241,16483671,16483672,1677803070476,true
7017946,0.2302000,241,16483673,16483673,1677803081668,true
7017947,0.2302000,1721,16483674,16483678,1677803099487,true
7017948,0.2303000,514,16483679,16483679,1677803102139,false
7017949,0.2303000,678,16483680,16483681,1677803103928,false
7017950,0.2303000,1278,16483682,16483684,1677803109490,false
7017951,0.2302000,313,16483685,16483685,1677803120262,true
7017952,0.2302000,1703,16483686,16483688,1677803121280,true
7017953,0.2302000,430,16483689,16483689,1677803135540,true
7017954,0.2300000,111,16483690,16483690,1677803155314,true
7017955,0.2301000,699,16483691,16483692,1677803163680,false
7017956,0.2300000,111,16483693,16483693,1677803166510,true
7017957,0.2300000,111,16483694,16483694,1677803174747,true
7017958,0.2300000,6913,16483695,16483700,1677803176934,true
7017959,0.2299000,4205,16483701,16483703,1677803177871,true
7017960,0.2299000,4345,16483704,16483704,1677803183743,true
7017961,0.2299000,111,16483705,16483705,1677803183951,true
7017962,0.2299000,111,16483706,16483706,1677803198310,true
7017963,0.2299000,5751,16483707,16483709,1677803199933,true
7017964,0.2299000,111,16483710,16483710,1677803208486,true
7017965,0.2299000,52,16483711,16483711,1677803210813,true
7017966,0.2299000,250,16483712,16483712,1677803213921,true
7017967,0.2299000,146,16483713,16483713,1677803215170,true
7017968,0.2299000,111,16483714,16483714,1677803215655,true
7017969,0.2299000,4087,16483715,16483725,1677803217211,true
7017970,0.2298000,1305,16483726,16483726,1677803217468,true
7017971,0.2297000,14940,16483727,16483738,1677803217533,true
7017972,0.2296000,4023,16483739,16483744,1677803217533,true
7017973,0.2297000,844,16483745,16483745,1677803217802,true
7017974,0.2297000,670,16483746,16483747,1677803223883,false
7017975,0.2296000,46,16483748,16483748,1677803223973,true
7017976,0.2296000,64,16483749,16483749,1677803228499,true
7017977,0.2296000,142,16483750,16483751,1677803229349,true
7017978,0.2296000,3392,16483752,16483761,1677803233044,true
7017979,0.2295000,749,16483762,16483766,1677803236235,true
7017980,0.2294000,5486,16483767,16483776,1677803236235,true
7017981,0.2293000,12330,16483777,16483789,1677803236235,true
7017982,0.2292000,13151,16483790,16483798,1677803236235,true
7017983,0.2291000,13243,16483799,16483809,1677803236235,true
7017984,0.2292000,531,16483810,16483810,1677803236291,false
7017985,0.2293000,325,16483811,16483811,1677803236424,false
7017986,0.2292000,899,16483812,16483813,1677803237678,true
7017987,0.2292000,7756,16483814,16483820,1677803238063,true
7017988,0.2292000,2201,16483821,16483823,1677803239251,true
7017989,0.2291000,726,16483824,16483824,1677803239251,true
7017990,0.2292000,3451,16483825,16483826,1677803239270,false
7017991,0.2292000,142,16483827,16483827,1677803239541,true
7017992,0.2292000,61,16483828,16483828,1677803240677,true
7017993,0.2293000,1309,16483829,16483831,1677803242624,false
7017994,0.2293000,290,16483832,16483832,1677803243317,false
7017995,0.2292000,46,16483833,16483833,1677803243470,true
7017996,0.2293000,9457,16483834,16483837,1677803245469,false
7017997,0.2294000,816,16483838,16483839,1677803245491,false
7017998,0.2293000,629,16483840,16483840,1677803250307,true
7017999,0.2293000,142,16483841,16483841,1677803252713,true
7018000,0.2293000,84,16483842,16483842,1677803253259,true
7018001,0.2293000,61,16483843,16483843,1677803253858,true
7018002,0.2293000,46,16483844,16483844,1677803256642,true
7018003,0.2293000,1868,16483845,16483849,1677803257556,true
7018004,0.2292000,487,16483850,16483851,1677803258596,true
7018005,0.2292000,61,16483852,16483852,1677803262044,true
7018006,0.2292000,79,16483853,16483853,1677803262347,true
7018007,0.2292000,142,16483854,16483854,1677803265901,true
7018008,0.2292000,79,16483855,16483855,1677803269518,true
7018009,0.2292000,46,16483856,16483856,1677803270825,true
7018010,0.2292000,61,16483857,16483857,1677803273223,true
7018011,0.2292000,142,16483858,16483858,1677803278037,true
7018012,0.2292000,46,16483859,16483859,1677803278940,true
7018013,0.2292000,413,16483860,16483860,1677803279765,true
7018014,0.2292000,79,16483861,16483861,1677803283695,true
7018015,0.2292000,61,16483862,16483862,1677803285509,true
7018016,0.2292000,142,16483863,16483863,1677803292278,true
7018017,0.2292000,79,16483864,16483864,1677803295807,true
7018018,0.2292000,61,16483865,16483865,1677803296751,true
7018019,0.2293000,578,16483866,16483867,1677803304176,false
7018020,0.2292000,79,16483868,16483868,1677803309992,true
7018021,0.2293000,1086,16483869,16483870,1677803310382,false
7018022,0.2292000,75,16483871,16483871,1677803310647,true
7018023,0.2292000,79,16483872,16483872,1677803317102,true
7018024,0.2293000,3055,16483873,16483876,1677803323992,false
7018025,0.2293000,3358,16483877,16483878,1677803324103,false
7018026,0.2293000,1800,16483879,16483879,1677803324274,false
7018027,0.2294000,1877,16483880,16483882,1677803324319,false
7018028,0.2294000,9532,16483883,16483887,1677803332498,true
7018029,0.2293000,2616,16483888,16483891,1677803332518,true
7018030,0.2293000,6723,16483892,16483896,1677803338509,false
7018031,0.2292000,13131,16483897,16483906,1677803368321,true
7018032,0.2291000,44,16483907,16483907,1677803372984,false
7018033,0.2291000,2548,16483908,16483910,1677803373419,false
7018034,0.2291000,2259,16483911,16483913,1677803385663,false
7018035,0.2292000,819,16483914,16483915,1677803402330,false
7018036,0.2292000,627,16483916,16483916,1677803402836,false
7018037,0.2292000,496,16483917,16483917,1677803403096,false
7018038,0.2292000,674,16483918,16483918,1677803403976,false
7018039,0.2291000,155,16483919,16483919,1677803408271,true
7018040,0.2292000,2496,16483920,16483924,1677803408616,false
7018041,0.2292000,2861,16483925,16483928,1677803408738,false
7018042,0.2293000,1756,16483929,16483931,1677803410628,false
7018043,0.2293000,5681,16483932,16483937,1677803412717,false
7018044,0.2294000,11140,16483938,16483947,1677803412724,false
7018045,0.2294000,43,16483948,16483948,1677803420519,true
7018046,0.2294000,1377,16483949,16483951,1677803421441,true
7018047,0.2294000,52,16483952,16483952,1677803422740,true
7018048,0.2294000,44,16483953,16483953,1677803423177,true
7018049,0.2295000,657,16483954,16483954,1677803431007,false
7018050,0.2295000,70,16483955,16483955,1677803442193,false
7018051,0.2295000,80,16483956,16483956,1677803449347,false
7018052,0.2295000,324,16483957,16483957,1677803452722,false
7018053,0.2295000,3339,16483958,16483962,1677803475718,false
7018054,0.2296000,2203,16483963,16483963,1677803475720,false
7018055,0.2295000,44,16483964,16483964,1677803475720,true
7018056,0.2296000,4161,16483965,16483970,1677803475723,false
7018057,0.2297000,11383,16483971,16483979,1677803475723,false
7018058,0.2297000,1630,16483980,16483980,1677803475856,false
7018059,0.2297000,86,16483981,16483981,1677803480861,true
7018060,0.2298000,22,16483982,16483982,1677803481077,false
7018061,0.2298000,1567,16483983,16483986,1677803483766,false
7018062,0.2298000,202,16483987,16483987,1677803483867,false
7018063,0.2299000,357,16483988,16483988,1677803486111,false
7018064,0.2298000,444,16483989,16483990,1677803490052,true
7018065,0.2298000,152,16483991,16483991,1677803498076,true
7018066,0.2298000,83,16483992,16483992,1677803498194,true
7018067,0.2298000,6993,16483993,16484000,1677803500477,true
7018068,0.2297000,7259,16484001,16484007,1677803500507,true
7018069,0.2297000,1319,16484008,16484009,1677803500810,true
7018070,0.2296000,4495,16484010,16484014,1677803503907,true
7018071,0.2296000,463,16484015,16484015,1677803505117,false
7018072,0.2295000,5863,16484016,16484020,1677803508444,true
7018073,0.2295000,598,16484021,16484023,1677803512407,false
7018074,0.2295000,4999,16484024,16484029,1677803516206,true
7018075,0.2294000,83,16484030,16484030,1677803517693,true
7018076,0.2295000,679,16484031,16484032,1677803523323,false
7018077,0.2295000,461,16484033,16484033,1677803523532,false
7018078,0.2294000,83,16484034,16484034,1677803532113,true
7018079,0.2294000,83,16484035,16484035,1677803539321,true
7018080,0.2294000,60,16484036,16484036,1677803547751,true
7018081,0.2295000,2141,16484037,16484040,1677803555072,false
7018082,0.2296000,2694,16484041,16484044,1677803575867,false
7018083,0.2297000,2697,16484045,16484047,1677803576390,false
7018084,0.2297000,432,16484048,16484048,1677803576427,true
7018085,0.2297000,463,16484049,16484049,1677803577360,true
7018086,0.2298000,1054,16484050,16484051,1677803584690,false
7018087,0.2298000,94,16484052,16484052,1677803588091,true
7018088,0.2299000,46,16484053,16484053,1677803598245,false
7018089,0.2298000,54,16484054,16484054,1677803601870,true
7018090,0.2298000,104,16484055,16484055,1677803608105,true
7018091,0.2298000,53,16484056,16484056,1677803609137,true
7018092,0.2298000,176,16484057,16484057,1677803610119,true
7018093,0.2298000,82,16484058,16484058,1677803618113,true
7018094,0.2298000,53,16484059,16484059,1677803618407,true
7018095,0.2298000,53,16484060,16484060,1677803627659,true
7018096,0.2298000,39,16484061,16484061,1677803634447,true
7018097,0.2298000,53,16484062,16484062,1677803636787,true
7018098,0.2298000,53,16484063,16484063,1677803644912,true
7018099,0.2298000,39,16484064,16484064,1677803646637,true
7018100,0.2299000,1087,16484065,16484066,1677803647479,false
7018101,0.2299000,66,16484067,16484067,1677803648073,true
7018102,0.2299000,53,16484068,16484068,1677803658079,true
7018103,0.2299000,39,16484069,16484069,1677803658816,true
7018104,0.2300000,43,16484070,16484070,1677803660543,false
7018105,0.2300000,439,16484071,16484074,1677803661243,false
7018106,0.2300000,1895,16484075,16484077,1677803665824,false
7018107,0.2300000,39,16484078,16484078,1677803666140,true
7018108,0.2300000,217,16484079,16484079,1677803668089,true
7018109,0.2300000,217,16484080,16484080,1677803670060,true
7018110,0.2301000,3745,16484081,16484084,1677803672053,false
7018111,0.2302000,4745,16484085,16484089,1677803672053,false
7018112,0.2302000,3914,16484090,16484092,1677803674661,false
7018113,0.2302000,217,16484093,16484093,1677803678058,true
7018114,0.2302000,5720,16484094,16484100,1677803678413,true
7018115,0.2302000,39,16484101,16484101,1677803679128,true
7018116,0.2302000,724,16484102,16484102,1677803680340,true
7018117,0.2301000,7039,16484103,16484110,1677803680341,true
7018118,0.2300000,1302,16484111,16484111,1677803682339,true
7018119,0.2299000,3108,16484112,16484115,1677803682340,true
7018120,0.2299000,7457,16484116,16484119,1677803683336,true
7018121,0.2298000,3757,16484120,16484125,1677803683337,true
7018122,0.2297000,4460,16484126,16484129,1677803683340,true
7018123,0.2298000,2637,16484130,16484132,1677803685318,false
7018124,0.2297000,15536,16484133,16484142,1677803688396,true
7018125,0.2296000,2165,16484143,16484148,1677803688415,true
7018126,0.2295000,26,16484149,16484149,1677803689547,true
7018127,0.2295000,39,16484150,16484150,1677803689854,true
7018128,0.2294000,2089,16484151,16484154,1677803690400,true
7018129,0.2293000,218,16484155,16484156,1677803691400,true
7018130,0.2294000,128,16484157,16484157,1677803692210,false
7018131,0.2294000,6433,16484158,16484165,1677803694170,false
7018132,0.2295000,4378,16484166,16484170,1677803699360,false
7018133,0.2296000,4913,16484171,16484172,1677803699360,false
7018134,0.2296000,172,16484173,16484173,1677803703109,false
7018135,0.2296000,650,16484174,16484176,1677803704032,false
7018136,0.2295000,39,16484177,16484177,1677803704047,true
7018137,0.2296000,523,16484178,16484179,1677803704167,true
7018138,0.2295000,53,16484180,16484180,1677803704217,true
7018139,0.2295000,2500,16484181,16484188,1677803706701,true
7018140,0.2294000,605,16484189,16484193,1677803706712,true
7018141,0.2294000,2600,16484194,16484197,1677803706807,false
7018142,0.2295000,9594,16484198,16484201,1677803706823,false
7018143,0.2296000,3407,16484202,16484204,1677803706823,false
7018144,0.2294000,2942,16484205,16484208,1677803708700,true
7018145,0.2293000,1098,16484209,16484210,1677803709761,true
7018146,0.2293000,2185,16484211,16484215,1677803709924,true
7018147,0.2292000,53,16484216,16484216,1677803710021,true
7018148,0.2293000,635,16484217,16484217,1677803710204,false
7018149,0.2292000,123,16484218,16484219,1677803711552,true
7018150,0.2293000,37,16484220,16484220,1677803711560,false
7018151,0.2292000,5,16484221,16484221,1677803711977,true
7018152,0.2291000,1181,16484222,16484222,1677803711977,true
7018153,0.2292000,89,16484223,16484223,1677803713080,false
7018154,0.2292000,4117,16484224,16484230,1677803717644,false
7018155,0.2293000,1260,16484231,16484236,1677803718373,true
7018156,0.2294000,725,16484237,16484240,1677803720425,false
7018157,0.2294000,432,16484241,16484241,1677803746959,true
7018158,0.2294000,2597,16484242,16484250,1677803754965,true
7018159,0.2293000,4533,16484251,16484254,1677803754985,true
7018160,0.2293000,536,16484255,16484255,1677803762144,false
7018161,0.2293000,1281,16484256,16484260,1677803762749,false
7018162,0.2293000,234,16484261,16484261,1677803763294,false
7018163,0.2294000,472,16484262,16484262,1677803763294,false
7018164,0.2294000,752,16484263,16484264,1677803763654,false
7018165,0.2293000,429,16484265,16484266,1677803763791,true
7018166,0.2294000,2150,16484267,16484270,1677803764141,false
7018167,0.2294000,2494,16484271,16484277,1677803777193,true
7018168,0.2293000,106,16484278,16484279,1677803787443,true
7018169,0.2293000,106,16484280,16484281,1677803789517,true
7018170,0.2293000,106,16484282,16484283,1677803791580,true
7018171,0.2293000,348,16484284,16484284,1677803793480,true
7018172,0.2293000,197,16484285,16484286,1677803793624,true
7018173,0.2293000,444,16484287,16484287,1677803798872,true
7018174,0.2292000,8847,16484288,16484293,1677803798872,true
7018175,0.2293000,1948,16484294,16484296,1677803802853,false
7018176,0.2293000,523,16484297,16484297,1677803803073,true
7018177,0.2293000,163,16484298,16484299,1677803803812,true
7018178,0.2294000,110,16484300,16484300,1677803826885,false
7018179,0.2293000,508,16484301,16484301,1677803831814,true
7018180,0.2292000,218,16484302,16484302,1677803839987,true
7018181,0.2292000,1400,16484303,16484304,1677803841093,true
7018182,0.2293000,2525,16484305,16484307,1677803858144,false
7018183,0.2293000,1986,16484308,16484311,1677803883632,true
7018184,0.2292000,1079,16484312,16484313,1677803883732,true
7018185,0.2292000,195,16484314,16484314,1677803888771,true
7018186,0.2293000,229,16484315,16484315,1677803891220,false
7018187,0.2293000,1000,16484316,16484317,1677803972961,false
7018188,0.2292000,2579,16484318,16484323,1677803980822,true
7018189,0.2291000,357,16484324,16484325,1677803981897,true
7018190,0.2290000,9002,16484326,16484332,1677803987926,true
7018191,0.2290000,12009,16484333,16484341,1677803988043,true
7018192,0.2289000,4271,16484342,16484348,1677803988300,true
7018193,0.2288000,2223,16484349,16484361,1677803988300,true
7018194,0.2288000,272,16484362,16484363,1677803988524,true
7018195,0.2287000,2346,16484364,16484371,1677803989203,true
7018196,0.2286000,507,16484372,16484375,1677803989203,true
7018197,0.2288000,45,16484376,16484376,1677803989203,false
7018198,0.2286000,108,16484377,16484377,1677803990580,true
7018199,0.2285000,5241,16484378,16484383,1677803990580,true
7018200,0.2286000,2706,16484384,16484387,1677803990809,false
7018201,0.2285000,110,16484388,16484390,1677803991099,true
7018202,0.2286000,1783,16484391,16484391,1677803991099,false
7018203,0.2285000,3141,16484392,16484394,1677803992469,true
7018204,0.2285000,4213,16484395,16484397,1677803994796,false
7018205,0.2285000,498,16484398,16484399,1677804002783,true
7018206,0.2285000,325,16484400,16484400,1677804003065,false
7018207,0.2285000,589,16484401,16484402,1677804004797,false
7018208,0.2284000,2295,16484403,16484407,1677804006070,true
7018209,0.2285000,348,16484408,16484408,1677804006070,false
7018210,0.2284000,7743,16484409,16484410,1677804006082,true
7018211,0.2284000,8241,16484411,16484413,1677804006255,true
7018212,0.2284000,2014,16484414,16484415,1677804006436,true
7018213,0.2284000,1513,16484416,16484416,1677804006619,true
7018214,0.2284000,2085,16484417,16484418,1677804007181,true
7018215,0.2285000,5540,16484419,16484424,1677804007212,false
7018216,0.2286000,6618,16484425,16484430,1677804007212,false
7018217,0.2285000,650,16484431,16484434,1677804007389,true
7018218,0.2285000,1588,16484435,16484436,1677804007544,true
7018219,0.2284000,11624,16484437,16484443,1677804007678,true
7018220,0.2284000,1306,16484444,16484445,1677804007786,true
7018221,0.2284000,99114,16484446,16484455,1677804007909,true
7018222,0.2283000,88,16484456,16484457,1677804007978,true
7018223,0.2283000,1824,16484458,16484460,1677804008177,true
7018224,0.2282000,1203,16484461,16484464,1677804008268,true
7018225,0.2281000,183,16484465,16484467,1677804008268,true
7018226,0.2282000,868,16484468,16484468,1677804008730,true
7018227,0.2281000,5705,16484469,16484473,1677804008730,true
7018228,0.2280000,8421,16484474,16484481,1677804008730,true
7018229,0.2282000,363,16484482,16484482,1677804008839,false
7018230,0.2281000,3652,16484483,16484484,1677804009932,true
7018231,0.2281000,935,16484485,16484486,1677804010483,true
7018232,0.2282000,2477,16484487,16484490,1677804011669,false
7018233,0.2283000,3835,16484491,16484494,1677804013651,false
7018234,0.2283000,446,16484495,16484495,1677804013733,true
7018235,0.2283000,2925,16484496,16484500,1677804014392,true
7018236,0.2283000,1968,16484501,16484501,1677804014496,true
7018237,0.2282000,89,16484502,16484502,1677804014592,true
7018238,0.2283000,6085,16484503,16484508,1677804019761,false
7018239,0.2283000,919,16484509,16484510,1677804021309,true
7018240,0.2283000,2010,16484511,16484512,1677804021486,true
7018241,0.2282000,800,16484513,16484514,1677804023021,true
7018242,0.2283000,4050,16484515,16484518,1677804029188,false
7018243,0.2284000,5400,16484519,16484524,1677804033439,false
7018244,0.2285000,1800,16484525,16484525,1677804034476,false
7018245,0.2286000,1041,16484526,16484529,1677804036033,false
7018246,0.2286000,3652,16484530,16484532,1677804038779,false
7018247,0.2286000,37,16484533,16484533,1677804039707,false
7018248,0.2285000,2652,16484534,16484536,1677804050282,true
7018249,0.2285000,266,16484537,16484537,1677804055465,false
7018250,0.2285000,2921,16484538,16484540,1677804055767,false
7018251,0.2286000,600,16484541,16484541,1677804055794,false
7018252,0.2287000,1337,16484542,16484547,1677804062982,false
7018253,0.2288000,76,16484548,16484549,1677804063514,false
7018254,0.2288000,51,16484550,16484550,1677804064312,true
7018255,0.2289000,2605,16484551,16484552,1677804064439,false
7018256,0.2290000,754,16484553,16484553,1677804064439,false
7018257,0.2289000,6814,16484554,16484561,1677804067233,true
7018258,0.2289000,1040,16484562,16484562,1677804067374,true
7018259,0.2288000,876,16484563,16484564,1677804067377,true
7018260,0.2285000,592,16484565,16484566,1677804070972,false
7018261,0.2286000,231,16484567,16484567,1677804072283,false
7018262,0.2287000,500,16484568,16484569,1677804078563,false
7018263,0.2288000,896,16484570,16484571,1677804087424,true
7018264,0.2287000,274,16484572,16484573,1677804092314,true
7018265,0.2286000,13805,16484574,16484578,1677804092314,true
7018266,0.2285000,22660,16484579,16484586,1677804092314,true
7018267,0.2284000,14138,16484587,16484592,1677804092314,true
7018268,0.2283000,11654,16484593,16484602,1677804092314,true
7018269,0.2283000,1262,16484603,16484607,1677804094530,false
7018270,0.2283000,4180,16484608,16484610,1677804097085,true
7018271,0.2282000,1391,16484611,16484613,1677804105936,true
7018272,0.2282000,2327,16484614,16484618,1677804106055,true
7018273,0.2281000,1672,16484619,16484621,1677804108488,true
7018274,0.2280000,219,16484622,16484622,1677804108547,true
7018275,0.2280000,23,16484623,16484623,1677804108895,true
7018276,0.2279000,2666,16484624,16484631,1677804109534,true
7018277,0.2278000,10919,16484632,16484637,1677804109534,true
7018278,0.2279000,984,16484638,16484640,1677804111274,false
7018279,0.2280000,500,16484641,16484641,1677804113236,false
7018280,0.2281000,6857,16484642,16484647,1677804113253,false
7018281,0.2281000,110,16484648,16484648,1677804113635,true
7018282,0.2281000,3354,16484649,16484650,1677804117631,true
7018283,0.2281000,1084,16484651,16484653,1677804122973,true
7018284,0.2280000,37,16484654,16484654,1677804153070,true
7018285,0.2280000,1122,16484655,16484658,1677804154246,true
7018286,0.2280000,78,16484659,16484659,1677804154765,true
7018287,0.2280000,1256,16484660,16484661,1677804155174,false
7018288,0.2281000,42,16484662,16484662,1677804178681,false
7018289,0.2280000,669,16484663,16484664,1677804179063,true
7018290,0.2281000,110,16484665,16484665,1677804187777,false
7018291,0.2280000,2156,16484666,16484668,1677804201605,true
7018292,0.2281000,8454,16484669,16484673,1677804210505,false
7018293,0.2281000,524,16484674,16484674,1677804222248,true
7018294,0.2282000,2052,16484675,16484678,1677804234580,false
7018295,0.2282000,40,16484679,16484679,1677804257477,true
7018296,0.2282000,14591,16484680,16484688,1677804260398,true
7018297,0.2281000,2125,16484689,16484691,1677804260416,true
7018298,0.2281000,5392,16484692,16484695,1677804260992,false
7018299,0.2282000,2632,16484696,16484699,1677804263853,false
7018300,0.2283000,1599,16484700,16484703,1677804265009,true
7018301,0.2282000,891,16484704,16484705,1677804294232,false
7018302,0.2282000,2068,16484706,16484708,1677804297122,false
7018303,0.2283000,2932,16484709,16484712,1677804297122,false
7018304,0.2283000,577,16484713,16484713,1677804297460,false
7018305,0.2282000,3000,16484714,16484717,1677804302958,true
7018306,0.2283000,2084,16484718,16484719,1677804309746,false
7018307,0.2283000,1088,16484720,16484721,1677804309941,false
7018308,0.2283000,512,16484722,16484722,1677804310242,true
7018309,0.2283000,540,16484723,16484724,1677804310403,true
7018310,0.2284000,2895,16484725,16484726,1677804312040,false
7018311,0.2285000,605,16484727,16484728,1677804312040,false
7018312,0.2285000,4189,16484729,16484732,1677804315325,true
7018313,0.2284000,500,16484733,16484733,1677804316859,true
7018314,0.2283000,1835,16484734,16484735,1677804321455,true
7018315,0.2283000,2375,16484736,16484737,1677804322184,true
7018316,0.2282000,1979,16484738,16484738,1677804322319,true
7018317,0.2282000,4197,16484739,16484743,1677804336674,true
7018318,0.2283000,44,16484744,16484744,1677804354426,false
7018319,0.2283000,456,16484745,16484745,1677804383073,false
7018320,0.2284000,7475,16484746,16484750,1677804385370,false
7018321,0.2285000,10772,16484751,16484759,1677804410304,false
7018322,0.2286000,1347,16484760,16484764,1677804410605,false
7018323,0.2286000,99,16484765,16484765,1677804414069,true
7018324,0.2286000,55,16484766,16484766,1677804416302,true
7018325,0.2286000,164,16484767,16484767,1677804416504,true
7018326,0.2286000,117,16484768,16484768,1677804418175,true
7018327,0.2286000,115,16484769,16484769,1677804420083,true
7018328,0.2287000,1062,16484770,16484771,1677804423015,false
7018329,0.2287000,51,16484772,16484772,1677804428071,true
7018330,0.2287000,52,16484773,16484773,1677804430412,true
7018331,0.2287000,161,16484774,16484774,1677804430619,true
7018332,0.2287000,52,16484775,16484775,1677804437596,true
7018333,0.2288000,1856,16484776,16484779,1677804438960,false
7018334,0.2287000,44,16484780,16484780,1677804438960,true
7018335,0.2287000,161,16484781,16484781,1677804440727,true
7018336,0.2287000,35,16484782,16484782,1677804444051,true
7018337,0.2287000,35,16484783,16484783,1677804448095,true
7018338,0.2287000,35,16484784,16484784,1677804450087,true
7018339,0.2287000,161,16484785,16484785,1677804450982,true
7018340,0.2287000,52,16484786,16484786,1677804451818,true
7018341,0.2287000,34,16484787,16484787,1677804458119,true
7018342,0.2287000,161,16484788,16484788,1677804460151,true
7018343,0.2287000,869,16484789,16484789,1677804460296,true
7018344,0.2287000,869,16484790,16484790,1677804460497,true
7018345,0.2287000,52,16484791,16484791,1677804460989,true
7018346,0.2288000,402,16484792,16484792,1677804467452,false
7018347,0.2287000,161,16484793,16484793,1677804470265,true
7018348,0.2287000,52,16484794,16484794,1677804475227,true
7018349,0.2288000,384,16484795,16484796,1677804476040,false
7018350,0.2288000,4180,16484797,16484800,1677804476321,false
7018351,0.2288000,131,16484801,16484801,1677804478055,true
7018352,0.2287000,161,16484802,16484802,1677804484428,true
7018353,0.2287000,52,16484803,16484803,1677804486350,true
7018354,0.2287000,28,16484804,16484804,1677804504107,true
7018355,0.2288000,2359,16484805,16484805,1677804516281,false
7018356,0.2288000,88,16484806,16484806,1677804517079,false
7018357,0.2287000,28,16484807,16484807,1677804518123,true
7018358,0.2288000,2881,16484808,16484809,1677804518481,false
7018359,0.2288000,4073,16484810,16484814,1677804523216,false
7018360,0.2289000,3448,16484815,16484819,1677804523229,false
7018361,0.2289000,5122,16484820,16484823,1677804524572,true
7018362,0.2288000,500,16484824,16484824,1677804525314,false
7018363,0.2287000,1889,16484825,16484827,1677804527316,true
7018364,0.2286000,1611,16484828,16484830,1677804527316,true
7018365,0.2287000,1132,16484831,16484832,1677804527436,false
7018366,0.2288000,23,16484833,16484833,1677804534539,false
7018367,0.2288000,28,16484834,16484834,1677804538033,true
7018368,0.2288000,158,16484835,16484835,1677804540114,true
7018369,0.2288000,2683,16484836,16484839,1677804545590,true
7018370,0.2287000,1840,16484840,16484841,1677804548139,true
7018371,0.2286000,1296,16484842,16484843,1677804549343,true
7018372,0.2285000,4429,16484844,16484846,1677804549344,true
7018373,0.2285000,1393,16484847,16484852,1677804555599,false
7018374,0.2286000,1500,16484853,16484855,1677804559966,false
7018375,0.2286000,28,16484856,16484856,1677804564104,true
7018376,0.2286000,29,16484857,16484857,1677804578022,true
7018377,0.2286000,1685,16484858,16484860,1677804582661,true
7018378,0.2286000,2442,16484861,16484864,1677804600282,false
7018379,0.2287000,8922,16484865,16484870,1677804600282,false
7018380,0.2287000,1245,16484871,16484872,1677804602791,false
7018381,0.2287000,988,16484873,16484875,1677804603198,true
7018382,0.2287000,618,16484876,16484876,1677804603920,false
7018383,0.2286000,534,16484877,16484878,1677804620264,true
7018384,0.2286000,446,16484879,16484879,1677804621736,true
7018385,0.2286000,5355,16484880,16484884,1677804622285,true
7018386,0.2285000,4150,16484885,16484888,1677804622285,true
7018387,0.2285000,1009,16484889,16484890,1677804622304,false
7018388,0.2285000,1690,16484891,16484894,1677804631019,false
7018389,0.2285000,1541,16484895,16484897,1677804638665,true
7018390,0.2285000,10506,16484898,16484900,1677804644573,false
7018391,0.2286000,24553,16484901,16484908,1677804644573,false
7018392,0.2287000,27133,16484909,16484924,1677804644573,false
7018393,0.2287000,106,16484925,16484926,1677804644653,true
7018394,0.2288000,48,16484927,16484927,1677804644661,false
7018395,0.2287000,229,16484928,16484928,1677804646570,true
7018396,0.2288000,2211,16484929,16484931,1677804648034,false
7018397,0.2287000,3490,16484932,16484939,1677804650855,true
7018398,0.2286000,7333,16484940,16484943,1677804650855,true
7018399,0.2285000,33834,16484944,16484956,1677804650855,true
7018400,0.2284000,15292,16484957,16484967,1677804650855,true
7018401,0.2285000,574,16484968,16484969,1677804660785,false
7018402,0.2286000,5009,16484970,16484973,1677804660801,false
7018403,0.2287000,1095,16484974,16484976,1677804662625,false
7018404,0.2288000,460,16484977,16484977,1677804675158,true
7018405,0.2288000,175,16484978,16484979,1677804684095,true
7018406,0.2288000,139,16484980,16484980,1677804684321,true
7018407,0.2288000,72,16484981,16484981,1677804688051,true
7018408,0.2288000,72,16484982,16484982,1677804690026,true
7018409,0.2288000,174,16484983,16484983,1677804698044,true
7018410,0.2289000,984,16484984,16485019,1677804698275,false
7018411,0.2290000,6572,16485020,16485104,1677804698276,false
7018412,0.2289000,3324,16485105,16485107,1677804698296,true
7018413,0.2290000,61,16485108,16485108,1677804699182,false
7018414,0.2290000,1079,16485109,16485109,1677804700379,false
7018415,0.2291000,1077,16485110,16485112,1677804700379,false
7018416,0.2290000,45,16485113,16485113,1677804710100,true
7018417,0.2290000,130,16485114,16485115,1677804714040,true
7018418,0.2290000,130,16485116,16485116,1677804718090,true
7018419,0.2290000,131,16485117,16485117,1677804720057,true
7018420,0.2290000,130,16485118,16485118,1677804728057,true
7018421,0.2290000,5447,16485119,16485122,1677804747165,true
7018422,0.2290000,129,16485123,16485123,1677804750230,false
7018423,0.2290000,1216,16485124,16485126,1677804755522,false
7018424,0.2290000,129,16485127,16485127,1677804758354,false
7018425,0.2290000,401,16485128,16485128,1677804765435,false
7018426,0.2290000,3900,16485129,16485132,1677804765825,false
7018427,0.2291000,129,16485133,16485134,1677804767544,false
7018428,0.2291000,876,16485135,16485137,1677804773832,false
7018429,0.2292000,129,16485138,16485140,1677804775730,false
7018430,0.2291000,631,16485141,16485142,1677804782647,true
7018431,0.2292000,129,16485143,16485143,1677804782858,false
7018432,0.2291000,1212,16485144,16485144,1677804786505,true
7018433,0.2291000,129,16485145,16485145,1677804791105,false
7018434,0.2291000,2678,16485146,16485147,1677804794940,false
7018435,0.2290000,44,16485148,16485148,1677804800058,true
7018436,0.2290000,43,16485149,16485149,1677804804107,true
7018437,0.2291000,129,16485150,16485150,1677804805297,false
7018438,0.2290000,43,16485151,16485151,1677804808060,true
7018439,0.2290000,43,16485152,16485152,1677804810027,true
7018440,0.2290000,44,16485153,16485153,1677804818123,true
7018441,0.2290000,6919,16485154,16485159,1677804837048,true
7018442,0.2290000,4180,16485160,16485165,1677804841404,false
7018443,0.2290000,455,16485166,16485166,1677804843309,true
7018444,0.2291000,1799,16485167,16485169,1677804848025,false
7018445,0.2292000,1849,16485170,16485172,1677804849979,false
7018446,0.2292000,3350,16485173,16485178,1677804860063,true
7018447,0.2291000,93,16485179,16485179,1677804864107,true
7018448,0.2291000,93,16485180,16485180,1677804868044,true
7018449,0.2291000,93,16485181,16485181,1677804870013,true
7018450,0.2291000,93,16485182,16485182,1677804878018,true
7018451,0.2292000,1281,16485183,16485183,1677804883365,false
7018452,0.2292000,7009,16485184,16485190,1677804885572,false
7018453,0.2293000,3042,16485191,16485198,1677804893139,false
7018454,0.2294000,1317,16485199,16485201,1677804893139,false
7018455,0.2293000,130,16485202,16485202,1677804894103,true
7018456,0.2293000,187,16485203,16485204,1677804895492,true
7018457,0.2293000,130,16485205,16485205,1677804898042,true
7018458,0.2293000,1448,16485206,16485207,1677804899875,true
7018459,0.2293000,70,16485208,16485208,1677804900056,true
7018460,0.2292000,78,16485209,16485209,1677804900340,true
7018461,0.2293000,531,16485210,16485211,1677804903954,false
7018462,0.2292000,4363,16485212,16485214,1677804906109,true
7018463,0.2292000,646,16485215,16485215,1677804920098,true
7018464,0.2292000,654,16485216,16485216,1677804920614,true
7018465,0.2292000,1536,16485217,16485219,1677804920785,true
7018466,0.2292000,1828,16485220,16485229,1677804921124,true
7018467,0.2290000,435,16485230,16485230,1677804922003,true
7018468,0.2289000,111,16485231,16485232,1677804922003,true
7018469,0.2290000,436,16485233,16485233,1677804922499,false
7018470,0.2289000,386,16485234,16485235,1677804924371,true
7018471,0.2289000,386,16485236,16485236,1677804928418,true
7018472,0.2289000,445,16485237,16485238,1677804930405,true
7018473,0.2289000,1039,16485239,16485241,1677804934434,true
7018474,0.2288000,450,16485242,16485243,1677804938375,true
7018475,0.2288000,181,16485244,16485244,1677804942422,true
7018476,0.2287000,392,16485245,16485246,1677804956254,true
7018477,0.2286000,61,16485247,16485248,1677804958350,true
7018478,0.2287000,479,16485249,16485249,1677804962973,false
7018479,0.2287000,553,16485250,16485251,1677804963476,false
7018480,0.2286000,1541,16485252,16485257,1677804964179,true
7018481,0.2287000,4368,16485258,16485261,1677804965910,false
7018482,0.2287000,64,16485262,16485262,1677804969837,true
7018483,0.2289000,304,16485263,16485264,1677804974174,false
7018484,0.2289000,1928,16485265,16485267,1677804975859,false
7018485,0.2290000,2360,16485268,16485271,1677804978795,true
7018486,0.2290000,60,16485272,16485272,1677804979993,true
7018487,0.2289000,30,16485273,16485273,1677804984050,true
7018488,0.2289000,30,16485274,16485274,1677804988114,true
7018489,0.2289000,884,16485275,16485277,1677804988680,true
7018490,0.2289000,1817,16485278,16485282,1677804988791,true
7018491,0.2288000,116,16485283,16485284,1677804988873,true
7018492,0.2288000,53,16485285,16485285,1677804989005,true
7018493,0.2288000,71,16485286,16485286,1677804990281,false
7018494,0.2287000,60,16485287,16485287,1677804992146,true
7018495,0.2288000,433,16485288,16485288,1677804992155,false
7018496,0.2288000,30,16485289,16485289,1677804998083,true
7018497,0.2288000,31,16485290,16485290,1677805002038,true
7018498,0.2288000,60,16485291,16485291,1677805004916,true
7018499,0.2289000,73,16485292,16485292,1677805006579,false
7018500,0.2288000,60,16485293,16485293,1677805012170,true
7018501,0.2288000,60,16485294,16485294,1677805021471,true
7018502,0.2289000,39,16485295,16485295,1677805032764,false
7018503,0.2289000,3328,16485296,16485300,1677805035496,false
7018504,0.2289000,60,16485301,16485301,1677805035574,true
7018505,0.2289000,398,16485302,16485302,1677805046700,true
7018506,0.2289000,50,16485303,16485303,1677805050074,true
7018507,0.2289000,89,16485304,16485304,1677805055442,true
7018508,0.2289000,85,16485305,16485305,1677805058089,true
7018509,0.2289000,84,16485306,16485307,1677805062058,true
7018510,0.2289000,530,16485308,16485308,1677805082574,true
7018511,0.2289000,532,16485309,16485310,1677805082878,true
7018512,0.2289000,38,16485311,16485311,1677805083515,true
7018513,0.2289000,6555,16485312,16485317,1677805085603,true
7018514,0.2288000,37,16485318,16485318,1677805096705,true
7018515,0.2288000,2011,16485319,16485323,1677805097754,true
7018516,0.2287000,325,16485324,16485326,1677805097762,true
7018517,0.2286000,45,16485327,16485327,1677805099613,true
7018518,0.2286000,37,16485328,16485328,1677805105904,true
7018519,0.2286000,589,16485329,16485331,1677805106844,true
7018520,0.2286000,5265,16485332,16485333,1677805107036,true
7018521,0.2285000,53,16485334,16485334,1677805107136,true
7018522,0.2285000,1461,16485335,16485336,1677805108067,true
7018523,0.2284000,44,16485337,16485337,1677805110956,true
7018524,0.2284000,71,16485338,16485340,1677805120657,true
7018525,0.2283000,9348,16485341,16485345,1677805120700,true
7018526,0.2282000,893,16485346,16485348,1677805120708,true
7018527,0.2281000,5833,16485349,16485359,1677805120708,true
7018528,0.2281000,740,16485360,16485360,1677805120830,true
7018529,0.2281000,51,16485361,16485361,1677805121923,true
7018530,0.2281000,44,16485362,16485362,1677805122141,true
7018531,0.2282000,3399,16485363,16485367,1677805122422,false
7018532,0.2283000,4879,16485368,16485370,1677805123375,false
7018533,0.2283000,37,16485371,16485371,1677805127910,true
7018534,0.2283000,210,16485372,16485372,1677805134868,true
7018535,0.2283000,44,16485373,16485373,1677805135355,true
7018536,0.2283000,88,16485374,16485375,1677805136117,true
7018537,0.2283000,133,16485376,16485377,1677805141306,true
7018538,0.2283000,44,16485378,16485378,1677805142547,true
7018539,0.2282000,51,16485379,16485379,1677805145309,true
7018540,0.2282000,100,16485380,16485380,1677805148453,true
7018541,0.2282000,37,16485381,16485381,1677805149331,true
7018542,0.2282000,219,16485382,16485383,1677805155548,true
7018543,0.2282000,44,16485384,16485384,1677805155723,true
7018544,0.2282000,33,16485385,16485385,1677805157544,true
7018545,0.2282000,51,16485386,16485386,1677805158484,true
7018546,0.2282000,8981,16485387,16485400,1677805165799,true
7018547,0.2282000,1368,16485401,16485401,1677805165921,true
7018548,0.2281000,106,16485402,16485404,1677805165967,true
7018549,0.2281000,44,16485405,16485405,1677805167893,true
7018550,0.2281000,51,16485406,16485406,1677805168669,true
7018551,0.2281000,219,16485407,16485407,1677805170379,true
7018552,0.2281000,3359,16485408,16485408,1677805172494,true
7018553,0.2281000,51,16485409,16485409,1677805176794,true
7018554,0.2281000,73,16485410,16485410,1677805177780,true
7018555,0.2281000,67,16485411,16485411,1677805181845,true
7018556,0.2281000,26,16485412,16485412,1677805183462,true
7018557,0.2281000,48,16485413,16485413,1677805185439,true
7018558,0.2282000,1000,16485414,16485415,1677805186275,false
7018559,0.2281000,72,16485416,16485416,1677805187957,true
7018560,0.2281000,65,16485417,16485417,1677805195016,true
7018561,0.2281000,84,16485418,16485418,1677805197718,true
7018562,0.2281000,48,16485419,16485419,1677805198701,true
7018563,0.2281000,72,16485420,16485420,1677805200171,true
7018564,0.2282000,800,16485421,16485422,1677805202258,false
7018565,0.2282000,2050,16485423,16485427,1677805202647,false
7018566,0.2283000,836,16485428,16485428,1677805203852,false
7018567,0.2283000,601,16485429,16485429,1677805205708,false
7018568,0.2282000,65,16485430,16485430,1677805206188,true
7018569,0.2282000,54,16485431,16485431,1677805206338,true
7018570,0.2282000,72,16485432,16485432,1677805207330,true
7018571,0.2283000,2054,16485433,16485435,1677805207386,false
7018572,0.2283000,48,16485436,16485436,1677805211844,true
7018573,0.2283000,81,16485437,16485437,1677805211963,true
7018574,0.2283000,14091,16485438,16485449,1677805214032,true
7018575,0.2283000,65,16485450,16485450,1677805215346,true
7018576,0.2283000,1319,16485451,16485453,1677805217530,true
7018577,0.2282000,4380,16485454,16485458,1677805219473,true
7018578,0.2282000,81,16485459,16485459,1677805220159,true
7018579,0.2282000,48,16485460,16485460,1677805220590,true
7018580,0.2282000,48,16485461,16485461,1677805221030,true
7018581,0.2282000,737,16485462,16485462,1677805223315,true
7018582,0.2282000,557,16485463,16485463,1677805224908,true
7018583,0.2282000,65,16485464,16485464,1677805226469,true
7018584,0.2282000,48,16485465,16485465,1677805229717,true
7018585,0.2283000,692,16485466,16485466,1677805230920,false
7018586,0.2282000,48,16485467,16485467,1677805231138,true
7018587,0.2282000,72,16485468,16485468,1677805231786,true
7018588,0.2282000,81,16485469,16485469,1677805233410,true
7018589,0.2283000,559,16485470,16485471,1677805236689,false
7018590,0.2283000,3325,16485472,16485478,1677805236835,false
7018591,0.2283000,72,16485479,16485479,1677805239985,true
7018592,0.2283000,48,16485480,16485480,1677805240379,true
7018593,0.2283000,65,16485481,16485481,1677805240564,true
7018594,0.2283000,2685,16485482,16485485,1677805240774,true
7018595,0.2282000,1408,16485486,16485489,1677805240782,true
7018596,0.2282000,81,16485490,16485490,1677805241635,true
7018597,0.2282000,48,16485491,16485492,1677805241964,true
7018598,0.2283000,4036,16485493,16485498,1677805248244,false
7018599,0.2283000,65,16485499,16485499,1677805251735,true
7018600,0.2284000,304,16485500,16485501,1677805251776,false
7018601,0.2285000,81,16485502,16485502,1677805253339,true
7018602,0.2285000,48,16485503,16485503,1677805254222,true
7018603,0.2285000,48,16485504,16485504,1677805254632,true
7018604,0.2285000,1428,16485505,16485506,1677805255763,true
7018605,0.2284000,53,16485507,16485507,1677805255933,true
7018606,0.2284000,81,16485508,16485508,1677805261525,true
7018607,0.2285000,5273,16485509,16485512,1677805262833,false
7018608,0.2284000,48,16485513,16485513,1677805266357,true
7018609,0.2284000,3123,16485514,16485524,1677805267900,true
7018610,0.2284000,100,16485525,16485525,1677805271065,true
7018611,0.2284000,765,16485526,16485526,1677805277841,true
7018612,0.2283000,219,16485527,16485527,1677805277846,true
7018613,0.2282000,219,16485528,16485528,1677805277875,true
7018614,0.2282000,48,16485529,16485529,1677805279529,true
7018615,0.2282000,581,16485530,16485530,1677805296623,true
7018616,0.2282000,4015,16485531,16485535,1677805301435,true
7018617,0.2281000,325,16485536,16485538,1677805301438,true
7018618,0.2281000,500,16485539,16485539,1677805308540,false
7018619,0.2282000,172,16485540,16485541,1677805314018,false
7018620,0.2283000,328,16485542,16485542,1677805314018,false
7018621,0.2282000,508,16485543,16485544,1677805316234,true
7018622,0.2283000,6208,16485545,16485549,1677805316538,false
7018623,0.2284000,9246,16485550,16485559,1677805316538,false
7018624,0.2285000,12296,16485560,16485572,1677805316538,false
7018625,0.2286000,30675,16485573,16485586,1677805316538,false
7018626,0.2287000,14019,16485587,16485595,1677805316539,false
7018627,0.2286000,502,16485596,16485596,1677805316548,false
7018628,0.2287000,4176,16485597,16485600,1677805316548,false
7018629,0.2286000,106,16485601,16485602,1677805316566,true
7018630,0.2287000,378,16485603,16485603,1677805316646,false
7018631,0.2288000,4799,16485604,16485607,1677805316646,false
7018632,0.2287000,53,16485608,16485608,1677805316683,true
7018633,0.2287000,101,16485609,16485609,1677805318010,true
7018634,0.2287000,798,16485610,16485611,1677805322905,true
7018635,0.2287000,1064,16485612,16485612,1677805323300,true
7018636,0.2287000,5262,16485613,16485617,1677805338446,true
7018637,0.2287000,3759,16485618,16485621,1677805343783,false
7018638,0.2287000,8827,16485622,16485630,1677805346817,true
7018639,0.2287000,870,16485631,16485632,1677805356299,false
7018640,0.2287000,842,16485633,16485634,1677805362591,false
7018641,0.2286000,842,16485635,16485636,1677805373326,true
7018642,0.2286000,43,16485637,16485637,1677805374184,true
7018643,0.2285000,43,16485638,16485638,1677805378401,true
7018644,0.2285000,842,16485639,16485640,1677805379176,true
7018645,0.2285000,38,16485641,16485641,1677805385377,true
7018646,0.2285000,41,16485642,16485642,1677805389644,true
7018647,0.2285000,38,16485643,16485643,1677805394488,true
7018648,0.2285000,2009,16485644,16485644,1677805399613,true
7018649,0.2284000,41,16485645,16485646,1677805400884,true
7018650,0.2284000,38,16485647,16485647,1677805405690,true
7018651,0.2284000,41,16485648,16485648,1677805408153,true
7018652,0.2284000,38,16485649,16485649,1677805412941,true
7018653,0.2284000,8688,16485650,16485656,1677805413993,true
7018654,0.2283000,11911,16485657,16485665,1677805413993,true
7018655,0.2282000,17616,16485666,16485676,1677805413994,true
7018656,0.2281000,24753,16485677,16485689,1677805413994,true
7018657,0.2282000,2274,16485690,16485691,1677805414007,true
7018658,0.2281000,1265,16485692,16485693,1677805414007,true
7018659,0.2281000,500,16485694,16485694,1677805414282,false
7018660,0.2281000,74,16485695,16485695,1677805415586,true
7018661,0.2280000,4,16485696,16485696,1677805415586,true
7018662,0.2281000,5383,16485697,16485699,1677805415636,false
7018663,0.2281000,41,16485700,16485700,1677805418295,true
7018664,0.2282000,1369,16485701,16485704,1677805421829,false
7018665,0.2283000,6134,16485705,16485710,1677805421829,false
7018666,0.2284000,15278,16485711,16485718,1677805421829,false
7018667,0.2283000,998,16485719,16485720,1677805424259,true
7018668,0.2284000,38,16485721,16485721,1677805425153,true
7018669,0.2284000,41,16485722,16485722,1677805427446,true
7018670,0.2284000,78,16485723,16485723,1677805429808,true
7018671,0.2285000,1224,16485724,16485725,1677805432199,false
7018672,0.2286000,4445,16485726,16485728,1677805432199,false
7018673,0.2285000,1770,16485729,16485730,1677805432318,true
7018674,0.2285000,38,16485731,16485731,1677805434348,true
7018675,0.2285000,41,16485732,16485732,1677805434654,true
7018676,0.2286000,1224,16485733,16485735,1677805437352,false
7018677,0.2286000,78,16485736,16485736,1677805437924,true
7018678,0.2286000,444,16485737,16485738,1677805442092,true
7018679,0.2286000,862,16485739,16485739,1677805443086,true
7018680,0.2286000,666,16485740,16485740,1677805443435,true
7018681,0.2287000,3941,16485741,16485745,1677805445905,false
7018682,0.2287000,78,16485746,16485746,1677805447110,true
7018683,0.2287000,55,16485747,16485747,1677805450653,true
7018684,0.2287000,75,16485748,16485748,1677805451424,true
7018685,0.2288000,440,16485749,16485750,1677805455072,false
7018686,0.2287000,78,16485751,16485751,1677805456293,true
7018687,0.2288000,26,16485752,16485752,1677805458895,false
7018688,0.2287000,51,16485753,16485753,1677805460837,true
7018689,0.2287000,97,16485754,16485754,1677805461519,true
7018690,0.2287000,71,16485755,16485756,1677805463605,true
7018691,0.2287000,78,16485757,16485757,1677805466532,true
7018692,0.2287000,51,16485758,16485758,1677805468089,true
7018693,0.2287000,71,16485759,16485759,1677805470802,true
7018694,0.2287000,2011,16485760,16485763,1677805473303,true
7018695,0.2287000,71,16485764,16485764,1677805477977,true
7018696,0.2287000,51,16485765,16485765,1677805478238,true
7018697,0.2287000,78,16485766,16485766,1677805478720,true
7018698,0.2287000,8053,16485767,16485774,1677805479647,true
7018699,0.2287000,3464,16485775,16485778,1677805479763,false
7018700,0.2287000,7034,16485779,16485783,1677805480167,true
7018701,0.2286000,51,16485784,16485784,1677805486347,true
7018702,0.2286000,71,16485785,16485785,1677805491136,true
7018703,0.2286000,51,16485786,16485786,1677805495461,true
7018704,0.2287000,27,16485787,16485787,1677805498302,false
7018705,0.2286000,71,16485788,16485788,1677805499357,true
7018706,0.2286000,475,16485789,16485789,1677805502143,true
7018707,0.2287000,1487,16485790,16485791,1677805502685,false
7018708,0.2286000,6758,16485792,16485799,1677805504910,true
7018709,0.2285000,3914,16485800,16485803,1677805504914,true
7018710,0.2284000,534,16485804,16485806,1677805504919,true
7018711,0.2284000,2699,16485807,16485810,1677805506097,true
7018712,0.2283000,51,16485811,16485811,1677805506648,true
7018713,0.2283000,71,16485812,16485812,1677805509577,true
7018714,0.2283000,772,16485813,16485813,1677805510205,true
7018715,0.2283000,1402,16485814,16485816,1677805520764,true
7018716,0.2283000,4983,16485817,16485820,1677805521345,true
7018717,0.2282000,1037,16485821,16485822,1677805521854,true
7018718,0.2282000,4945,16485823,16485827,1677805523266,true
7018719,0.2281000,5878,16485828,16485829,1677805523592,true
7018720,0.2280000,2192,16485830,16485835,1677805523592,true
