agg_trade_id,price,quantity,first_trade_id,last_trade_id,transact_time,is_buyer_maker
7055648,0.2148000,846,16581127,16581129,1677888004633,false
7055649,0.2147000,2278,16581130,16581133,1677888004659,true
7055650,0.2147000,663,16581134,16581134,1677888008435,true
7055651,0.2148000,1100,16581135,16581135,1677888008472,false
7055652,0.2148000,3130,16581136,16581142,1677888008579,false
7055653,0.2147000,1060,16581143,16581144,1677888008822,true
7055654,0.2148000,768,16581145,16581146,1677888010663,false
7055655,0.2148000,849,16581147,16581148,1677888010942,false
7055656,0.2148000,1416,16581149,16581150,1677888011691,true
7055657,0.2150000,556,16581151,16581152,1677888011696,false
7055658,0.2150000,658,16581153,16581156,1677888012650,false
7055659,0.2149000,1050,16581157,16581159,1677888013105,false
7055660,0.2150000,100,16581160,16581160,1677888016556,false
7055661,0.2151000,644,16581161,16581163,1677888016556,false
7055662,0.2151000,117,16581164,16581164,1677888016690,true
7055663,0.2151000,2095,16581165,16581166,1677888017392,true
7055664,0.2152000,47,16581167,16581167,1677888017523,false
7055665,0.2151000,46,16581168,16581168,1677888018036,true
7055666,0.2152000,95,16581169,16581169,1677888020841,false
7055667,0.2151000,87,16581170,16581170,1677888023175,true
7055668,0.2151000,478,16581171,16581171,1677888025086,true
7055669,0.2152000,1257,16581172,16581174,1677888025086,false
7055670,0.2152000,509,16581175,16581175,1677888026634,false
7055671,0.2151000,139,16581176,16581176,1677888027226,true
7055672,0.2151000,503,16581177,16581179,1677888027824,true
7055673,0.2152000,1058,16581180,16581181,1677888027828,false
7055674,0.2151000,649,16581182,16581182,1677888032513,true
7055675,0.2152000,2078,16581183,16581184,1677888033678,false
7055676,0.2152000,966,16581185,16581186,1677888034642,false
7055677,0.2152000,524,16581187,16581187,1677888035863,false
7055678,0.2151000,2185,16581188,16581189,1677888036175,true
7055679,0.2151000,1647,16581190,16581192,1677888039602,true
7055680,0.2152000,3620,16581193,16581195,1677888039633,false
7055681,0.2152000,1023,16581196,16581197,1677888043134,false
7055682,0.2152000,906,16581198,16581200,1677888047637,false
7055683,0.2152000,8178,16581201,16581206,1677888048983,false
7055684,0.2153000,7893,16581207,16581217,1677888049094,false
7055685,0.2154000,1218,16581218,16581222,1677888049105,false
7055686,0.2155000,46,16581223,16581223,1677888050070,false
7055687,0.2154000,46,16581224,16581224,1677888051042,true
7055688,0.2155000,7880,16581225,16581237,1677888052133,false
7055689,0.2155000,4373,16581238,16581241,1677888052633,true
7055690,0.2154000,1297,16581242,16581243,1677888052660,true
7055691,0.2153000,1299,16581244,16581246,1677888052679,true
7055692,0.2154000,605,16581247,16581248,1677888052738,false
7055693,0.2154000,605,16581249,16581249,1677888053306,false
7055694,0.2154000,531,16581250,16581250,1677888054681,false
7055695,0.2154000,478,16581251,16581251,1677888058540,false
7055696,0.2154000,1432,16581252,16581254,1677888059298,false
7055697,0.2155000,4172,16581255,16581260,1677888059313,false
7055698,0.2156000,2073,16581261,16581266,1677888059324,false
7055699,0.2156000,1157,16581267,16581267,1677888059544,false
7055700,0.2157000,46,16581268,16581269,1677888060056,false
7055701,0.2156000,4360,16581270,16581273,1677888062438,true
7055702,0.2156000,2528,16581274,16581274,1677888062570,false
7055703,0.2155000,505,16581275,16581276,1677888062861,true
7055704,0.2156000,3417,16581277,16581281,1677888067991,false
7055705,0.2157000,27183,16581282,16581294,1677888067991,false
7055706,0.2158000,10143,16581295,16581302,1677888067991,false
7055707,0.2159000,7583,16581303,16581310,1677888068005,false
7055708,0.2159000,2466,16581311,16581314,1677888068176,false
7055709,0.2160000,1719,16581315,16581318,1677888068581,false
7055710,0.2159000,280,16581319,16581319,1677888068788,true
7055711,0.2159000,429,16581320,16581321,1677888068933,true
7055712,0.2160000,1667,16581322,16581323,1677888071924,false
7055713,0.2160000,1553,16581324,16581327,1677888073095,false
7055714,0.2160000,2440,16581328,16581330,1677888074085,false
7055715,0.2160000,5018,16581331,16581337,1677888074108,true
7055716,0.2160000,3640,16581338,16581342,1677888076084,false
7055717,0.2160000,3661,16581343,16581347,1677888076220,true
7055718,0.2159000,39058,16581348,16581367,1677888076432,true
7055719,0.2159000,8939,16581368,16581371,1677888078172,false
7055720,0.2159000,529,16581372,16581372,1677888078649,false
7055721,0.2159000,234,16581373,16581373,1677888078904,false
7055722,0.2159000,9638,16581374,16581378,1677888083116,false
7055723,0.2160000,12817,16581379,16581386,1677888083116,false
7055724,0.2161000,19351,16581387,16581401,1677888083116,false
7055725,0.2162000,21413,16581402,16581411,1677888083116,false
7055726,0.2161000,515,16581412,16581412,1677888083127,false
7055727,0.2162000,2234,16581413,16581413,1677888083127,false
7055728,0.2161000,1530,16581414,16581416,1677888083132,false
7055729,0.2162000,1569,16581417,16581421,1677888083154,true
7055730,0.2161000,3345,16581422,16581425,1677888083243,true
7055731,0.2162000,535,16581426,16581427,1677888083395,true
7055732,0.2161000,3400,16581428,16581431,1677888083411,true
7055733,0.2161000,495,16581432,16581432,1677888083597,true
7055734,0.2160000,6896,16581433,16581440,1677888083603,true
7055735,0.2159000,1000,16581441,16581442,1677888083631,true
7055736,0.2159000,738,16581443,16581445,1677888085595,false
7055737,0.2159000,2722,16581446,16581447,1677888086956,false
7055738,0.2158000,6542,16581448,16581450,1677888093664,true
7055739,0.2158000,476,16581451,16581451,1677888094937,false
7055740,0.2158000,2570,16581452,16581454,1677888097192,false
7055741,0.2158000,1924,16581455,16581455,1677888097624,false
7055742,0.2158000,1474,16581456,16581457,1677888098595,false
7055743,0.2158000,601,16581458,16581459,1677888100837,false
7055744,0.2157000,1200,16581460,16581461,1677888101237,true
7055745,0.2157000,1200,16581462,16581462,1677888101353,true
7055746,0.2157000,2400,16581463,16581465,1677888101474,true
7055747,0.2158000,2050,16581466,16581467,1677888101587,false
7055748,0.2157000,1200,16581468,16581468,1677888101598,true
7055749,0.2157000,1200,16581469,16581471,1677888101852,true
7055750,0.2157000,1468,16581472,16581473,1677888101972,true
7055751,0.2157000,2069,16581474,16581475,1677888102977,true
7055752,0.2156000,196,16581476,16581476,1677888102977,true
7055753,0.2157000,737,16581477,16581478,1677888103035,false
7055754,0.2156000,232,16581479,16581480,1677888103045,true
7055755,0.2156000,688,16581481,16581482,1677888103562,false
7055756,0.2156000,702,16581483,16581484,1677888105656,false
7055757,0.2156000,8456,16581485,16581492,1677888111106,false
7055758,0.2157000,923,16581493,16581494,1677888111428,true
7055759,0.2158000,811,16581495,16581496,1677888117490,false
7055760,0.2158000,517,16581497,16581497,1677888117632,false
7055761,0.2157000,722,16581498,16581499,1677888122593,true
7055762,0.2158000,2512,16581500,16581503,1677888122634,false
7055763,0.2157000,571,16581504,16581504,1677888122783,true
7055764,0.2157000,46,16581505,16581505,1677888123041,true
7055765,0.2157000,576,16581506,16581506,1677888123242,true
7055766,0.2156000,207,16581507,16581507,1677888123242,true
7055767,0.2157000,509,16581508,16581509,1677888126909,false
7055768,0.2157000,6851,16581510,16581517,1677888130942,false
7055769,0.2158000,4083,16581518,16581522,1677888133339,false
7055770,0.2160000,46,16581523,16581523,1677888134170,false
7055771,0.2159000,46,16581524,16581524,1677888135052,true
7055772,0.2160000,2897,16581525,16581529,1677888140537,false
7055773,0.2161000,314,16581530,16581530,1677888140537,false
7055774,0.2161000,37,16581531,16581531,1677888142319,false
7055775,0.2160000,2322,16581532,16581534,1677888144157,true
7055776,0.2160000,522,16581535,16581535,1677888146152,false
7055777,0.2159000,1187,16581536,16581537,1677888152268,true
7055778,0.2158000,18437,16581538,16581549,1677888152269,true
7055779,0.2157000,5072,16581550,16581554,1677888152269,true
7055780,0.2158000,33,16581555,16581555,1677888155522,false
7055781,0.2158000,646,16581556,16581557,1677888156818,false
7055782,0.2158000,3724,16581558,16581562,1677888160024,false
7055783,0.2159000,9511,16581563,16581572,1677888160025,false
7055784,0.2160000,3610,16581573,16581575,1677888161889,false
7055785,0.2161000,71,16581576,16581576,1677888161889,false
7055786,0.2160000,927,16581577,16581578,1677888163575,true
7055787,0.2160000,4669,16581579,16581579,1677888166211,true
7055788,0.2159000,232,16581580,16581580,1677888166249,true
7055789,0.2160000,2237,16581581,16581582,1677888169632,false
7055790,0.2159000,10908,16581583,16581587,1677888177134,true
7055791,0.2158000,9011,16581588,16581597,1677888177147,true
7055792,0.2159000,3172,16581598,16581599,1677888177212,false
7055793,0.2159000,2401,16581600,16581600,1677888177540,false
7055794,0.2159000,508,16581601,16581603,1677888179865,false
7055795,0.2158000,955,16581604,16581606,1677888182362,true
7055796,0.2157000,520,16581607,16581607,1677888183592,true
7055797,0.2156000,650,16581608,16581608,1677888187690,true
7055798,0.2156000,99,16581609,16581609,1677888187794,true
7055799,0.2156000,4012,16581610,16581612,1677888191441,true
7055800,0.2154000,281,16581613,16581613,1677888192657,true
7055801,0.2155000,33,16581614,16581614,1677888193037,false
7055802,0.2155000,7067,16581615,16581621,1677888197386,false
7055803,0.2156000,33,16581622,16581622,1677888203137,false
7055804,0.2156000,33,16581623,16581623,1677888210247,false
7055805,0.2156000,730,16581624,16581624,1677888212728,false
7055806,0.2156000,929,16581625,16581625,1677888217318,false
7055807,0.2155000,5747,16581626,16581633,1677888229419,true
7055808,0.2156000,674,16581634,16581634,1677888230567,false
7055809,0.2156000,704,16581635,16581635,1677888238212,false
7055810,0.2156000,606,16581636,16581637,1677888241218,false
7055811,0.2156000,8607,16581638,16581648,1677888244331,false
7055812,0.2157000,5746,16581649,16581654,1677888244438,false
7055813,0.2158000,1319,16581655,16581656,1677888250058,false
7055814,0.2159000,2494,16581657,16581659,1677888250120,false
7055815,0.2160000,464,16581660,16581660,1677888250516,false
7055816,0.2161000,346,16581661,16581662,1677888250516,false
7055817,0.2161000,599,16581663,16581663,1677888252733,false
7055818,0.2162000,4199,16581664,16581666,1677888252910,false
7055819,0.2162000,2132,16581667,16581668,1677888253011,false
7055820,0.2163000,46,16581669,16581669,1677888253678,false
7055821,0.2162000,46,16581670,16581670,1677888254061,true
7055822,0.2163000,1049,16581671,16581675,1677888255166,false
7055823,0.2163000,2661,16581676,16581677,1677888255195,true
7055824,0.2163000,125,16581678,16581678,1677888255328,false
7055825,0.2163000,1905,16581679,16581680,1677888256566,false
7055826,0.2163000,125,16581681,16581681,1677888258373,false
7055827,0.2163000,250,16581682,16581683,1677888259081,false
7055828,0.2162000,1926,16581684,16581685,1677888259516,true
7055829,0.2161000,5690,16581686,16581690,1677888260454,true
7055830,0.2161000,756,16581691,16581691,1677888266608,false
7055831,0.2161000,278,16581692,16581693,1677888271180,false
7055832,0.2161000,476,16581694,16581694,1677888271761,false
7055833,0.2161000,528,16581695,16581696,1677888272739,false
7055834,0.2161000,1000,16581697,16581698,1677888275334,false
7055835,0.2160000,1914,16581699,16581702,1677888275896,true
7055836,0.2159000,2253,16581703,16581708,1677888276002,true
7055837,0.2158000,4532,16581709,16581712,1677888276023,true
7055838,0.2160000,627,16581713,16581714,1677888276034,false
7055839,0.2158000,92,16581715,16581715,1677888276093,true
7055840,0.2159000,500,16581716,16581716,1677888276137,false
7055841,0.2159000,708,16581717,16581717,1677888276170,true
7055842,0.2158000,588,16581718,16581719,1677888277659,false
7055843,0.2158000,473,16581720,16581721,1677888283689,false
7055844,0.2158000,3168,16581722,16581722,1677888287280,false
7055845,0.2159000,3888,16581723,16581727,1677888287293,false
7055846,0.2160000,419,16581728,16581728,1677888288401,false
7055847,0.2160000,49,16581729,16581729,1677888290890,true
7055848,0.2161000,1981,16581730,16581733,1677888300477,false
7055849,0.2161000,530,16581734,16581734,1677888304405,false
7055850,0.2162000,788,16581735,16581735,1677888313484,false
7055851,0.2161000,1000,16581736,16581737,1677888319552,true
7055852,0.2161000,2469,16581738,16581738,1677888323128,true
7055853,0.2161000,1068,16581739,16581740,1677888324032,true
7055854,0.2160000,227,16581741,16581741,1677888324032,true
7055855,0.2160000,1983,16581742,16581744,1677888325315,true
7055856,0.2160000,332,16581745,16581746,1677888329576,true
7055857,0.2161000,324,16581747,16581748,1677888333645,false
7055858,0.2160000,191,16581749,16581749,1677888346328,true
7055859,0.2161000,172,16581750,16581750,1677888351072,false
7055860,0.2161000,172,16581751,16581751,1677888351271,false
7055861,0.2160000,6653,16581752,16581757,1677888358328,true
7055862,0.2159000,11865,16581758,16581763,1677888358328,true
7055863,0.2160000,1006,16581764,16581765,1677888358353,false
7055864,0.2159000,231,16581766,16581766,1677888358392,true
7055865,0.2158000,2423,16581767,16581771,1677888363915,true
7055866,0.2157000,1351,16581772,16581774,1677888368528,false
7055867,0.2157000,10142,16581775,16581779,1677888369747,false
7055868,0.2157000,3468,16581780,16581781,1677888369888,false
7055869,0.2158000,584,16581782,16581783,1677888372657,false
7055870,0.2157000,7222,16581784,16581788,1677888373011,true
7055871,0.2158000,888,16581789,16581789,1677888377324,false
7055872,0.2157000,4477,16581790,16581793,1677888382935,true
7055873,0.2156000,18917,16581794,16581803,1677888382935,true
7055874,0.2157000,1677,16581804,16581806,1677888383763,false
7055875,0.2157000,1043,16581807,16581808,1677888383938,false
7055876,0.2158000,2924,16581809,16581814,1677888384264,false
7055877,0.2159000,5982,16581815,16581822,1677888384392,false
7055878,0.2159000,66,16581823,16581823,1677888384906,true
7055879,0.2160000,2609,16581824,16581827,1677888385675,false
7055880,0.2161000,2285,16581828,16581832,1677888388967,false
7055881,0.2161000,2453,16581833,16581836,1677888390139,true
7055882,0.2161000,3618,16581837,16581840,1677888394411,true
7055883,0.2160000,979,16581841,16581842,1677888395518,true
7055884,0.2160000,2362,16581843,16581844,1677888400182,true
7055885,0.2161000,513,16581845,16581845,1677888401102,false
7055886,0.2160000,644,16581846,16581846,1677888406348,true
7055887,0.2159000,356,16581847,16581847,1677888412066,true
7055888,0.2158000,1947,16581848,16581851,1677888418506,true
7055889,0.2157000,1737,16581852,16581854,1677888419342,true
7055890,0.2156000,601,16581855,16581855,1677888419403,true
7055891,0.2156000,4203,16581856,16581859,1677888419571,true
7055892,0.2156000,233,16581860,16581860,1677888420078,false
7055893,0.2156000,8140,16581861,16581864,1677888420430,false
7055894,0.2155000,82,16581865,16581865,1677888427440,true
7055895,0.2156000,1385,16581866,16581867,1677888429397,false
7055896,0.2156000,739,16581868,16581868,1677888429584,false
7055897,0.2156000,2232,16581869,16581872,1677888430170,false
7055898,0.2157000,500,16581873,16581873,1677888430445,false
7055899,0.2158000,2354,16581874,16581877,1677888431552,false
7055900,0.2159000,301,16581878,16581878,1677888433006,true
7055901,0.2160000,1239,16581879,16581880,1677888436206,false
7055902,0.2160000,866,16581881,16581882,1677888437521,false
7055903,0.2159000,76,16581883,16581883,1677888437651,true
7055904,0.2160000,665,16581884,16581884,1677888442815,false
7055905,0.2159000,76,16581885,16581885,1677888451762,true
7055906,0.2159000,76,16581886,16581886,1677888459013,true
7055907,0.2159000,1262,16581887,16581889,1677888463101,true
7055908,0.2158000,956,16581890,16581891,1677888463341,true
7055909,0.2158000,805,16581892,16581893,1677888463509,false
7055910,0.2157000,2309,16581894,16581897,1677888463998,true
7055911,0.2156000,76,16581898,16581898,1677888467183,true
7055912,0.2156000,386,16581899,16581899,1677888467467,true
7055913,0.2155000,2768,16581900,16581903,1677888467539,true
7055914,0.2155000,2661,16581904,16581905,1677888468161,false
7055915,0.2156000,1312,16581906,16581907,1677888470461,false
7055916,0.2155000,9245,16581908,16581913,1677888470932,true
7055917,0.2155000,125,16581914,16581914,1677888472208,true
7055918,0.2154000,125,16581915,16581915,1677888473159,true
7055919,0.2155000,319,16581916,16581917,1677888474062,false
7055920,0.2154000,125,16581918,16581918,1677888474516,true
7055921,0.2154000,125,16581919,16581919,1677888477445,true
7055922,0.2155000,258,16581920,16581921,1677888478110,false
7055923,0.2155000,6628,16581922,16581925,1677888478223,false
7055924,0.2155000,76,16581926,16581926,1677888478354,true
7055925,0.2156000,48,16581927,16581927,1677888480079,false
7055926,0.2156000,1441,16581928,16581929,1677888483235,false
7055927,0.2156000,1637,16581930,16581933,1677888486047,false
7055928,0.2155000,2902,16581934,16581937,1677888491241,true
7055929,0.2154000,76,16581938,16581938,1677888492530,true
7055930,0.2155000,519,16581939,16581940,1677888493923,false
7055931,0.2155000,5172,16581941,16581945,1677888503263,false
7055932,0.2155000,51,16581946,16581946,1677888504072,false
7055933,0.2155000,50,16581947,16581947,1677888508119,false
7055934,0.2155000,126,16581948,16581948,1677888510088,false
7055935,0.2155000,1109,16581949,16581950,1677888512213,false
7055936,0.2154000,8251,16581951,16581956,1677888513569,true
7055937,0.2153000,14822,16581957,16581970,1677888513569,true
7055938,0.2152000,3507,16581971,16581973,1677888513570,true
7055939,0.2152000,428,16581974,16581974,1677888517778,true
7055940,0.2152000,108,16581975,16581975,1677888518078,false
7055941,0.2152000,231,16581976,16581976,1677888519062,false
7055942,0.2152000,2296,16581977,16581980,1677888520217,false
7055943,0.2153000,101,16581981,16581981,1677888522038,false
7055944,0.2153000,73,16581982,16581982,1677888523117,false
7055945,0.2153000,95,16581983,16581983,1677888526093,false
7055946,0.2153000,82,16581984,16581984,1677888530038,false
7055947,0.2153000,60,16581985,16581986,1677888531129,false
7055948,0.2153000,66,16581987,16581987,1677888533110,false
7055949,0.2153000,75,16581988,16581988,1677888534097,false
7055950,0.2152000,108,16581989,16581989,1677888537144,true
7055951,0.2153000,76,16581990,16581990,1677888538036,false
7055952,0.2153000,76,16581991,16581991,1677888540106,false
7055953,0.2153000,5576,16581992,16581996,1677888540413,false
7055954,0.2154000,1358,16581997,16581999,1677888542832,false
7055955,0.2154000,1008,16582000,16582002,1677888544173,false
7055956,0.2154000,871,16582003,16582004,1677888545733,false
7055957,0.2155000,3759,16582005,16582013,1677888545912,false
7055958,0.2156000,926,16582014,16582015,1677888546207,false
7055959,0.2157000,2191,16582016,16582020,1677888559379,true
7055960,0.2156000,2744,16582021,16582024,1677888563433,true
7055961,0.2155000,477,16582025,16582026,1677888568210,true
7055962,0.2154000,637,16582027,16582028,1677888573884,false
7055963,0.2153000,148,16582029,16582029,1677888581324,true
7055964,0.2154000,33,16582030,16582030,1677888583109,false
7055965,0.2154000,479,16582031,16582032,1677888585662,false
7055966,0.2154000,33,16582033,16582033,1677888586081,false
7055967,0.2154000,33,16582034,16582034,1677888590039,false
7055968,0.2154000,33,16582035,16582035,1677888591048,false
7055969,0.2154000,33,16582036,16582036,1677888593116,false
7055970,0.2154000,33,16582037,16582037,1677888594125,false
7055971,0.2154000,33,16582038,16582038,1677888598034,false
7055972,0.2154000,866,16582039,16582040,1677888603721,false
7055973,0.2154000,1429,16582041,16582043,1677888604712,false
7055974,0.2154000,492,16582044,16582044,1677888613498,false
7055975,0.2154000,1037,16582045,16582046,1677888619103,false
7055976,0.2153000,1496,16582047,16582050,1677888622003,true
7055977,0.2153000,50,16582051,16582051,1677888623271,true
7055978,0.2153000,1205,16582052,16582052,1677888625011,true
7055979,0.2153000,9483,16582053,16582060,1677888651881,true
7055980,0.2152000,6341,16582061,16582068,1677888651881,true
7055981,0.2151000,931,16582069,16582072,1677888655734,true
7055982,0.2152000,685,16582073,16582074,1677888662734,false
7055983,0.2152000,991,16582075,16582076,1677888663303,false
7055984,0.2153000,484,16582077,16582077,1677888669742,false
7055985,0.2153000,3254,16582078,16582078,1677888712642,false
7055986,0.2153000,10218,16582079,16582086,1677888712847,false
7055987,0.2154000,5724,16582087,16582090,1677888712863,false
7055988,0.2154000,1392,16582091,16582093,1677888717097,true
7055989,0.2154000,88,16582094,16582094,1677888761608,true
7055990,0.2154000,85,16582095,16582095,1677888768763,true
7055991,0.2154000,85,16582096,16582096,1677888775929,true
7055992,0.2154000,85,16582097,16582097,1677888783022,true
7055993,0.2154000,85,16582098,16582098,1677888790164,true
7055994,0.2155000,2528,16582099,16582100,1677888791672,false
7055995,0.2155000,250,16582101,16582101,1677888794106,true
7055996,0.2155000,85,16582102,16582102,1677888797274,true
7055997,0.2156000,92,16582103,16582104,1677888798270,false
7055998,0.2155000,85,16582105,16582105,1677888804445,true
7055999,0.2156000,506,16582106,16582107,1677888812292,false
7056000,0.2156000,1181,16582108,16582108,1677888814734,false
7056001,0.2156000,624,16582109,16582110,1677888822123,false
7056002,0.2155000,3192,16582111,16582116,1677888828530,true
7056003,0.2155000,582,16582117,16582117,1677888842873,true
7056004,0.2156000,2403,16582118,16582120,1677888842904,false
7056005,0.2156000,212,16582121,16582121,1677888862859,false
7056006,0.2155000,8075,16582122,16582129,1677888871594,true
7056007,0.2154000,6112,16582130,16582136,1677888871934,true
7056008,0.2153000,6942,16582137,16582144,1677888887154,false
7056009,0.2154000,1984,16582145,16582146,1677888900400,false
7056010,0.2154000,1416,16582147,16582148,1677888902746,false
7056011,0.2154000,771,16582149,16582149,1677888904316,false
7056012,0.2154000,63,16582150,16582150,1677888906873,false
7056013,0.2153000,1222,16582151,16582152,1677888909972,true
7056014,0.2154000,3449,16582153,16582157,1677888912200,false
7056015,0.2155000,1004,16582158,16582159,1677888912619,false
7056016,0.2155000,498,16582160,16582160,1677888925073,true
7056017,0.2155000,7741,16582161,16582170,1677888926467,true
7056018,0.2154000,342,16582171,16582171,1677888930039,true
7056019,0.2153000,1325,16582172,16582174,1677888931345,true
7056020,0.2154000,34,16582175,16582175,1677888953764,false
7056021,0.2153000,1481,16582176,16582179,1677888954310,true
7056022,0.2152000,3691,16582180,16582183,1677888954310,true
7056023,0.2152000,605,16582184,16582185,1677888962640,false
7056024,0.2152000,51,16582186,16582186,1677888967147,false
7056025,0.2151000,69,16582187,16582187,1677888969830,true
7056026,0.2152000,429,16582188,16582188,1677889019053,false
7056027,0.2152000,712,16582189,16582190,1677889039100,true
7056028,0.2153000,45,16582191,16582191,1677889054074,false
7056029,0.2153000,750,16582192,16582193,1677889083494,false
7056030,0.2152000,929,16582194,16582197,1677889091978,true
7056031,0.2152000,1435,16582198,16582200,1677889106001,true
7056032,0.2151000,6732,16582201,16582205,1677889129634,true
7056033,0.2151000,5508,16582206,16582212,1677889143245,false
7056034,0.2152000,3109,16582213,16582216,1677889178471,true
7056035,0.2151000,15016,16582217,16582224,1677889183021,true
7056036,0.2150000,2675,16582225,16582229,1677889183021,true
7056037,0.2151000,51,16582230,16582230,1677889185824,false
7056038,0.2151000,524,16582231,16582231,1677889203921,false
7056039,0.2151000,319,16582232,16582232,1677889207344,false
7056040,0.2152000,4361,16582233,16582234,1677889207665,false
7056041,0.2153000,503,16582235,16582236,1677889213588,false
7056042,0.2153000,791,16582237,16582238,1677889218804,false
7056043,0.2153000,439,16582239,16582239,1677889223084,true
7056044,0.2153000,876,16582240,16582241,1677889224546,true
7056045,0.2153000,174,16582242,16582242,1677889252741,true
7056046,0.2154000,490,16582243,16582243,1677889323346,false
7056047,0.2154000,4633,16582244,16582247,1677889331391,false
7056048,0.2155000,1126,16582248,16582249,1677889331415,false
7056049,0.2155000,439,16582250,16582250,1677889333171,false
7056050,0.2156000,620,16582251,16582252,1677889340226,false
7056051,0.2157000,945,16582253,16582255,1677889341117,true
7056052,0.2157000,500,16582256,16582256,1677889343246,true
7056053,0.2156000,3647,16582257,16582259,1677889343381,true
7056054,0.2157000,5000,16582260,16582263,1677889372492,false
7056055,0.2157000,3087,16582264,16582265,1677889379683,false
7056056,0.2158000,1859,16582266,16582267,1677889379804,false
7056057,0.2158000,1788,16582268,16582269,1677889379831,true
7056058,0.2159000,161,16582270,16582271,1677889396220,false
7056059,0.2159000,1014,16582272,16582273,1677889403182,false
7056060,0.2159000,39,16582274,16582274,1677889420066,false
7056061,0.2159000,107,16582275,16582275,1677889437740,false
7056062,0.2158000,1555,16582276,16582280,1677889448082,true
7056063,0.2158000,299,16582281,16582282,1677889448217,true
7056064,0.2158000,16839,16582283,16582293,1677889450359,false
7056065,0.2159000,910,16582294,16582294,1677889450362,false
7056066,0.2160000,1854,16582295,16582298,1677889450368,false
7056067,0.2160000,53,16582299,16582299,1677889456526,false
7056068,0.2159000,4373,16582300,16582302,1677889458799,true
7056069,0.2158000,2301,16582303,16582306,1677889459040,true
7056070,0.2158000,37,16582307,16582307,1677889465004,false
7056071,0.2158000,1192,16582308,16582309,1677889465418,false
7056072,0.2159000,56,16582310,16582310,1677889465424,false
7056073,0.2159000,1659,16582311,16582313,1677889466518,false
7056074,0.2160000,2849,16582314,16582316,1677889469174,false
7056075,0.2161000,482,16582317,16582317,1677889469174,false
7056076,0.2160000,2020,16582318,16582320,1677889478668,true
7056077,0.2160000,1606,16582321,16582322,1677889478795,true
7056078,0.2160000,1522,16582323,16582324,1677889483656,false
7056079,0.2161000,1914,16582325,16582329,1677889483656,false
7056080,0.2162000,10853,16582330,16582335,1677889483657,false
7056081,0.2163000,1665,16582336,16582338,1677889483657,false
7056082,0.2163000,1484,16582339,16582340,1677889486353,false
7056083,0.2164000,3179,16582341,16582345,1677889486353,false
7056084,0.2163000,192,16582346,16582346,1677889487482,true
7056085,0.2164000,672,16582347,16582347,1677889504124,false
7056086,0.2164000,923,16582348,16582350,1677889508081,false
7056087,0.2164000,3335,16582351,16582353,1677889519748,false
7056088,0.2165000,12615,16582354,16582362,1677889519748,false
7056089,0.2166000,18787,16582363,16582372,1677889519748,false
7056090,0.2165000,309,16582373,16582373,1677889519761,false
7056091,0.2166000,2123,16582374,16582375,1677889519761,false
7056092,0.2167000,1184,16582376,16582379,1677889519761,false
7056093,0.2165000,232,16582380,16582380,1677889520312,true
7056094,0.2166000,189,16582381,16582382,1677889521214,false
7056095,0.2167000,201,16582383,16582383,1677889521214,false
7056096,0.2166000,1136,16582384,16582385,1677889522104,true
7056097,0.2167000,189,16582386,16582386,1677889523774,false
7056098,0.2167000,1823,16582387,16582388,1677889524101,true
7056099,0.2167000,943,16582389,16582390,1677889524297,true
7056100,0.2166000,10924,16582391,16582400,1677889525461,true
7056101,0.2165000,3819,16582401,16582410,1677889525501,true
7056102,0.2164000,401,16582411,16582412,1677889533362,true
7056103,0.2164000,24,16582413,16582413,1677889536999,false
7056104,0.2163000,3116,16582414,16582417,1677889537900,true
7056105,0.2164000,415,16582418,16582419,1677889538307,false
7056106,0.2163000,604,16582420,16582422,1677889563585,true
7056107,0.2162000,213,16582423,16582423,1677889563585,true
7056108,0.2162000,33,16582424,16582424,1677889564180,true
7056109,0.2162000,1688,16582425,16582426,1677889573637,true
7056110,0.2161000,6499,16582427,16582433,1677889619224,true
7056111,0.2162000,7647,16582434,16582437,1677889619728,false
7056112,0.2162000,917,16582438,16582438,1677889619948,false
7056113,0.2164000,1807,16582439,16582443,1677889623853,false
7056114,0.2165000,98,16582444,16582444,1677889625981,false
7056115,0.2165000,115,16582445,16582446,1677889636059,false
7056116,0.2164000,814,16582447,16582450,1677889677091,true
7056117,0.2164000,290,16582451,16582451,1677889691142,false
7056118,0.2164000,17563,16582452,16582457,1677889743967,false
7056119,0.2165000,2408,16582458,16582460,1677889744009,false
7056120,0.2165000,500,16582461,16582461,1677889744032,true
7056121,0.2163000,1894,16582462,16582468,1677889760146,true
7056122,0.2163000,198,16582469,16582469,1677889766033,false
7056123,0.2162000,2095,16582470,16582471,1677889776694,true
7056124,0.2162000,6335,16582472,16582476,1677889776816,false
7056125,0.2162000,3741,16582477,16582478,1677889784935,false
7056126,0.2162000,283,16582479,16582480,1677889788653,false
7056127,0.2162000,832,16582481,16582482,1677889790541,true
7056128,0.2162000,6433,16582483,16582488,1677889791301,false
7056129,0.2163000,1885,16582489,16582490,1677889791301,false
7056130,0.2162000,596,16582491,16582492,1677889805989,true
7056131,0.2163000,608,16582493,16582494,1677889808396,false
7056132,0.2162000,615,16582495,16582495,1677889809662,true
7056133,0.2163000,655,16582496,16582496,1677889819501,false
7056134,0.2162000,1547,16582497,16582498,1677889819605,true
7056135,0.2163000,95,16582499,16582499,1677889819615,false
7056136,0.2162000,2216,16582500,16582505,1677889819638,true
7056137,0.2162000,92,16582506,16582506,1677889830820,false
7056138,0.2161000,1213,16582507,16582510,1677889831762,true
7056139,0.2162000,92,16582511,16582511,1677889843990,false
7056140,0.2161000,3701,16582512,16582519,1677889850967,true
7056141,0.2162000,92,16582520,16582521,1677889854083,false
7056142,0.2161000,3902,16582522,16582528,1677889864338,true
7056143,0.2160000,1619,16582529,16582531,1677889864338,true
7056144,0.2161000,92,16582532,16582532,1677889867234,false
7056145,0.2160000,3474,16582533,16582539,1677889872972,true
7056146,0.2160000,269,16582540,16582541,1677889873098,true
7056147,0.2159000,279,16582542,16582542,1677889874155,true
7056148,0.2159000,645,16582543,16582545,1677889874371,true
7056149,0.2159000,443,16582546,16582546,1677889874388,false
7056150,0.2160000,92,16582547,16582547,1677889880991,false
7056151,0.2159000,1157,16582548,16582549,1677889884101,true
7056152,0.2158000,1000,16582550,16582553,1677889886115,true
7056153,0.2158000,221,16582554,16582555,1677889891795,true
7056154,0.2158000,92,16582556,16582557,1677889894145,false
7056155,0.2157000,2000,16582558,16582560,1677889894845,true
7056156,0.2157000,100,16582561,16582561,1677889897779,true
7056157,0.2158000,546,16582562,16582562,1677889898348,false
7056158,0.2157000,6511,16582563,16582567,1677889898479,true
7056159,0.2156000,1807,16582568,16582571,1677889898479,true
7056160,0.2157000,3685,16582572,16582576,1677889898498,false
7056161,0.2157000,1839,16582577,16582578,1677889900291,true
7056162,0.2156000,8126,16582579,16582586,1677889900291,true
7056163,0.2155000,2026,16582587,16582591,1677889900292,true
7056164,0.2155000,465,16582592,16582592,1677889900589,true
7056165,0.2155000,200,16582593,16582593,1677889903200,true
7056166,0.2156000,13604,16582594,16582607,1677889904505,false
7056167,0.2156000,700,16582608,16582609,1677889913316,true
7056168,0.2156000,1888,16582610,16582610,1677889920604,true
7056169,0.2157000,795,16582611,16582611,1677889923687,false
7056170,0.2157000,1333,16582612,16582614,1677889930119,false
7056171,0.2158000,3124,16582615,16582620,1677889933113,true
7056172,0.2158000,891,16582621,16582621,1677889934554,false
7056173,0.2158000,2325,16582622,16582625,1677889980641,false
7056174,0.2157000,154,16582626,16582626,1677889998938,true
7056175,0.2156000,151,16582627,16582627,1677890008018,true
7056176,0.2156000,151,16582628,16582628,1677890015117,true
7056177,0.2157000,990,16582629,16582631,1677890017841,false
7056178,0.2156000,3104,16582632,16582636,1677890020839,true
7056179,0.2155000,151,16582637,16582637,1677890024242,true
7056180,0.2155000,290,16582638,16582638,1677890028295,true
7056181,0.2155000,465,16582639,16582639,1677890034230,true
7056182,0.2155000,466,16582640,16582640,1677890034529,true
7056183,0.2154000,548,16582641,16582643,1677890034529,true
7056184,0.2154000,151,16582644,16582644,1677890037912,true
7056185,0.2155000,639,16582645,16582646,1677890042805,false
7056186,0.2155000,553,16582647,16582647,1677890043209,false
7056187,0.2154000,151,16582648,16582648,1677890047020,true
7056188,0.2155000,417,16582649,16582649,1677890057171,false
7056189,0.2154000,151,16582650,16582651,1677890059208,true
7056190,0.2154000,37,16582652,16582652,1677890064203,true
7056191,0.2154000,685,16582653,16582655,1677890066544,true
7056192,0.2154000,1580,16582656,16582657,1677890067215,true
7056193,0.2153000,3166,16582658,16582665,1677890067329,true
7056194,0.2152000,98,16582666,16582666,1677890072147,true
7056195,0.2152000,2834,16582667,16582669,1677890099784,true
7056196,0.2152000,483,16582670,16582670,1677890102233,false
7056197,0.2152000,1003,16582671,16582671,1677890104222,false
7056198,0.2152000,3496,16582672,16582676,1677890112453,false
7056199,0.2153000,2951,16582677,16582682,1677890112748,false
7056200,0.2153000,732,16582683,16582684,1677890112855,false
7056201,0.2153000,931,16582685,16582686,1677890118768,true
7056202,0.2153000,323,16582687,16582688,1677890122373,true
7056203,0.2153000,706,16582689,16582689,1677890124341,true
7056204,0.2153000,176,16582690,16582690,1677890127291,true
7056205,0.2154000,33,16582691,16582691,1677890130093,false
7056206,0.2153000,711,16582692,16582692,1677890131813,true
7056207,0.2154000,42,16582693,16582693,1677890142174,false
7056208,0.2154000,2290,16582694,16582695,1677890148522,false
7056209,0.2155000,1534,16582696,16582697,1677890148630,false
7056210,0.2156000,468,16582698,16582698,1677890162626,false
7056211,0.2156000,65,16582699,16582699,1677890167562,false
7056212,0.2156000,3536,16582700,16582704,1677890177897,true
7056213,0.2155000,1517,16582705,16582712,1677890213537,true
7056214,0.2154000,7792,16582713,16582721,1677890213565,true
7056215,0.2154000,39,16582722,16582722,1677890215634,false
7056216,0.2154000,39,16582723,16582723,1677890224448,false
7056217,0.2154000,39,16582724,16582724,1677890232603,false
7056218,0.2153000,150,16582725,16582725,1677890236116,true
7056219,0.2153000,253,16582726,16582727,1677890238799,true
7056220,0.2152000,54,16582728,16582728,1677890238799,true
7056221,0.2153000,39,16582729,16582729,1677890243777,false
7056222,0.2153000,61,16582730,16582730,1677890250401,false
7056223,0.2153000,39,16582731,16582731,1677890250949,false
7056224,0.2153000,39,16582732,16582732,1677890259126,false
7056225,0.2153000,56,16582733,16582733,1677890263586,false
7056226,0.2153000,39,16582734,16582734,1677890270292,false
7056227,0.2153000,56,16582735,16582735,1677890272773,false
7056228,0.2153000,56,16582736,16582736,1677890284961,false
7056229,0.2153000,769,16582737,16582738,1677890290641,false
7056230,0.2154000,56,16582739,16582739,1677890295136,false
7056231,0.2154000,56,16582740,16582740,1677890303305,false
7056232,0.2154000,67,16582741,16582741,1677890307313,false
7056233,0.2154000,56,16582742,16582742,1677890315431,false
7056234,0.2154000,1684,16582743,16582744,1677890315648,false
7056235,0.2155000,700,16582745,16582746,1677890315764,false
7056236,0.2156000,1492,16582747,16582748,1677890316371,false
7056237,0.2156000,1855,16582749,16582750,1677890316490,false
7056238,0.2156000,5140,16582751,16582753,1677890316879,true
7056239,0.2157000,67,16582754,16582754,1677890321462,false
7056240,0.2157000,700,16582755,16582756,1677890323441,false
7056241,0.2159000,1342,16582757,16582757,1677890327294,false
7056242,0.2159000,387,16582758,16582760,1677890327440,false
7056243,0.2160000,463,16582761,16582761,1677890328200,false
7056244,0.2160000,174,16582762,16582762,1677890328246,true
7056245,0.2160000,5156,16582763,16582766,1677890329857,true
7056246,0.2159000,101,16582767,16582768,1677890333802,true
7056247,0.2159000,6971,16582769,16582776,1677890334162,true
7056248,0.2159000,2581,16582777,16582781,1677890334917,false
7056249,0.2159000,67,16582782,16582782,1677890335183,false
7056250,0.2159000,3815,16582783,16582786,1677890339845,false
7056251,0.2159000,174,16582787,16582787,1677890341063,true
7056252,0.2160000,67,16582788,16582788,1677890342918,false
7056253,0.2159000,6413,16582789,16582792,1677890345284,true
7056254,0.2159000,67,16582793,16582793,1677890350103,false
7056255,0.2158000,174,16582794,16582796,1677890351215,true
7056256,0.2158000,319,16582797,16582799,1677890359886,true
7056257,0.2158000,67,16582800,16582800,1677890360288,false
7056258,0.2157000,174,16582801,16582801,1677890360389,true
7056259,0.2158000,759,16582802,16582802,1677890362682,false
7056260,0.2158000,231,16582803,16582804,1677890370334,false
7056261,0.2157000,174,16582805,16582805,1677890372061,true
7056262,0.2158000,67,16582806,16582806,1677890372964,false
7056263,0.2157000,174,16582807,16582807,1677890380311,true
7056264,0.2157000,4501,16582808,16582812,1677890389637,true
7056265,0.2157000,174,16582813,16582813,1677890393469,true
7056266,0.2157000,4269,16582814,16582818,1677890400142,true
7056267,0.2156000,371,16582819,16582819,1677890400287,true
7056268,0.2154000,736,16582820,16582821,1677890403815,false
7056269,0.2154000,2104,16582822,16582824,1677890409245,false
7056270,0.2155000,500,16582825,16582825,1677890409344,false
7056271,0.2155000,519,16582826,16582827,1677890421489,true
7056272,0.2154000,465,16582828,16582828,1677890421489,true
7056273,0.2154000,759,16582829,16582830,1677890421593,true
7056274,0.2153000,8189,16582831,16582838,1677890424758,true
7056275,0.2152000,2048,16582839,16582840,1677890424845,true
7056276,0.2152000,899,16582841,16582842,1677890424926,false
7056277,0.2153000,700,16582843,16582845,1677890428068,false
7056278,0.2154000,979,16582846,16582847,1677890428691,false
7056279,0.2154000,9465,16582848,16582850,1677890434499,false
7056280,0.2155000,12081,16582851,16582859,1677890434621,false
7056281,0.2156000,2309,16582860,16582863,1677890437482,false
7056282,0.2156000,43,16582864,16582864,1677890447585,false
7056283,0.2156000,43,16582865,16582865,1677890461767,false
7056284,0.2156000,2361,16582866,16582868,1677890465727,false
7056285,0.2157000,927,16582869,16582870,1677890475153,true
7056286,0.2158000,43,16582871,16582871,1677890476514,false
7056287,0.2157000,571,16582872,16582873,1677890477944,true
7056288,0.2156000,4088,16582874,16582877,1677890477944,true
7056289,0.2157000,97,16582878,16582878,1677890479127,false
7056290,0.2157000,43,16582879,16582879,1677890488678,false
7056291,0.2157000,68,16582880,16582880,1677890489346,false
7056292,0.2157000,92,16582881,16582881,1677890492317,false
7056293,0.2157000,1191,16582882,16582883,1677890497268,false
7056294,0.2159000,63,16582884,16582884,1677890498521,false
7056295,0.2159000,43,16582885,16582885,1677890500849,false
7056296,0.2159000,561,16582886,16582888,1677890501439,false
7056297,0.2160000,92,16582889,16582889,1677890501557,false
7056298,0.2160000,63,16582890,16582890,1677890507683,false
7056299,0.2160000,43,16582891,16582891,1677890508523,false
7056300,0.2160000,44,16582892,16582892,1677890514073,false
7056301,0.2160000,92,16582893,16582893,1677890514365,false
7056302,0.2160000,43,16582894,16582894,1677890516707,false
7056303,0.2160000,63,16582895,16582895,1677890518852,false
7056304,0.2160000,92,16582896,16582896,1677890522478,false
7056305,0.2160000,42,16582897,16582897,1677890523310,false
7056306,0.2160000,63,16582898,16582898,1677890525973,false
7056307,0.2160000,63,16582899,16582899,1677890533157,false
7056308,0.2160000,42,16582900,16582900,1677890533506,false
7056309,0.2159000,544,16582901,16582903,1677890533738,true
7056310,0.2159000,92,16582904,16582904,1677890534601,false
7056311,0.2159000,63,16582905,16582905,1677890542349,false
7056312,0.2159000,92,16582906,16582906,1677890544863,false
7056313,0.2159000,2602,16582907,16582909,1677890546605,false
7056314,0.2159000,42,16582910,16582910,1677890547700,false
7056315,0.2159000,377,16582911,16582911,1677890550218,false
7056316,0.2159000,42,16582912,16582912,1677890557875,false
7056317,0.2159000,2523,16582913,16582917,1677890558246,false
7056318,0.2160000,2198,16582918,16582923,1677890563286,true
7056319,0.2159000,4006,16582924,16582928,1677890563965,true
7056320,0.2158000,2600,16582929,16582932,1677890563965,true
7056321,0.2159000,42,16582933,16582933,1677890569046,false
7056322,0.2159000,42,16582934,16582934,1677890580170,false
7056323,0.2156000,919,16582935,16582935,1677890614180,true
7056324,0.2156000,468,16582936,16582936,1677890614582,false
7056325,0.2156000,4859,16582937,16582943,1677890620073,false
7056326,0.2155000,100,16582944,16582944,1677890631148,true
7056327,0.2155000,4809,16582945,16582950,1677890633725,true
7056328,0.2155000,10504,16582951,16582956,1677890641860,true
7056329,0.2154000,6733,16582957,16582961,1677890641958,true
7056330,0.2154000,695,16582962,16582963,1677890643473,false
7056331,0.2154000,1535,16582964,16582964,1677890645825,false
7056332,0.2154000,795,16582965,16582966,1677890648237,false
7056333,0.2154000,316,16582967,16582967,1677890664242,true
7056334,0.2154000,1447,16582968,16582969,1677890667448,false
7056335,0.2153000,1641,16582970,16582977,1677890674508,true
7056336,0.2152000,232,16582978,16582978,1677890674657,true
7056337,0.2152000,714,16582979,16582980,1677890675362,true
7056338,0.2152000,77,16582981,16582981,1677890677228,false
7056339,0.2152000,101,16582982,16582983,1677890679320,false
7056340,0.2152000,95,16582984,16582984,1677890682018,false
7056341,0.2152000,120,16582985,16582985,1677890683419,false
7056342,0.2152000,326,16582986,16582986,1677890684513,false
7056343,0.2153000,5684,16582987,16582991,1677890684624,false
7056344,0.2153000,997,16582992,16582993,1677890689993,true
7056345,0.2153000,1504,16582994,16582995,1677890699575,false
7056346,0.2153000,3106,16582996,16583001,1677890699821,false
7056347,0.2153000,494,16583002,16583002,1677890702642,false
7056348,0.2152000,50,16583003,16583003,1677890703927,true
7056349,0.2152000,1067,16583004,16583005,1677890705420,true
7056350,0.2151000,1740,16583006,16583010,1677890711595,true
7056351,0.2151000,565,16583011,16583012,1677890714754,true
7056352,0.2150000,40,16583013,16583014,1677890714754,true
7056353,0.2151000,1174,16583015,16583017,1677890714890,false
7056354,0.2150000,605,16583018,16583019,1677890715861,true
7056355,0.2151000,182,16583020,16583020,1677890716052,false
7056356,0.2150000,2002,16583021,16583023,1677890719663,true
7056357,0.2150000,2675,16583024,16583026,1677890719675,false
7056358,0.2151000,371,16583027,16583028,1677890719690,false
7056359,0.2151000,178,16583029,16583029,1677890720140,false
7056360,0.2152000,1352,16583030,16583031,1677890724964,false
7056361,0.2152000,45,16583032,16583032,1677890725960,false
7056362,0.2152000,1191,16583033,16583034,1677890731910,false
7056363,0.2153000,44,16583035,16583035,1677890737144,false
7056364,0.2152000,167,16583036,16583036,1677890743881,true
7056365,0.2152000,119,16583037,16583037,1677890745753,true
7056366,0.2152000,44,16583038,16583038,1677890751299,false
7056367,0.2151000,464,16583039,16583039,1677890755369,true
7056368,0.2151000,466,16583040,16583041,1677890760292,true
7056369,0.2152000,44,16583042,16583042,1677890762406,false
7056370,0.2152000,44,16583043,16583043,1677890771657,false
7056371,0.2152000,10018,16583044,16583050,1677890775777,false
7056372,0.2153000,7391,16583051,16583056,1677890775777,false
7056373,0.2152000,163,16583057,16583057,1677890779928,true
7056374,0.2152000,44,16583058,16583058,1677890783783,false
7056375,0.2151000,5096,16583059,16583066,1677890790790,true
7056376,0.2150000,1905,16583067,16583068,1677890790997,true
7056377,0.2151000,44,16583069,16583069,1677890795907,false
7056378,0.2150000,778,16583070,16583072,1677890814911,true
7056379,0.2149000,1536,16583073,16583073,1677890814911,true
7056380,0.2149000,500,16583074,16583074,1677890814951,false
7056381,0.2150000,3307,16583075,16583079,1677890817017,false
7056382,0.2150000,247,16583080,16583080,1677890817276,false
7056383,0.2151000,1634,16583081,16583084,1677890828557,true
7056384,0.2150000,14661,16583085,16583098,1677890828558,true
7056385,0.2149000,2183,16583099,16583101,1677890828568,true
7056386,0.2148000,2537,16583102,16583105,1677890828568,true
7056387,0.2149000,497,16583106,16583106,1677890828589,false
7056388,0.2150000,2275,16583107,16583108,1677890828599,false
7056389,0.2149000,3011,16583109,16583110,1677890828604,true
7056390,0.2149000,2084,16583111,16583114,1677890828632,false
7056391,0.2148000,2992,16583115,16583116,1677890829106,true
7056392,0.2149000,380,16583117,16583117,1677890835132,false
7056393,0.2149000,7852,16583118,16583124,1677890867341,false
7056394,0.2151000,511,16583125,16583126,1677890882662,false
7056395,0.2151000,1161,16583127,16583127,1677890883998,false
7056396,0.2151000,7146,16583128,16583132,1677890898055,false
7056397,0.2152000,3993,16583133,16583135,1677890898055,false
7056398,0.2151000,527,16583136,16583137,1677890899718,true
7056399,0.2151000,2432,16583138,16583144,1677890902527,false
7056400,0.2152000,3334,16583145,16583147,1677890912346,false
7056401,0.2151000,500,16583148,16583148,1677890937230,true
7056402,0.2150000,233,16583149,16583149,1677890937325,true
7056403,0.2150000,2998,16583150,16583154,1677890937544,true
7056404,0.2150000,5219,16583155,16583162,1677890957118,false
7056405,0.2150000,515,16583163,16583164,1677890957286,true
7056406,0.2150000,605,16583165,16583166,1677891003522,false
7056407,0.2149000,2782,16583167,16583170,1677891008043,true
7056408,0.2149000,606,16583171,16583171,1677891009288,true
7056409,0.2148000,233,16583172,16583172,1677891009291,true
7056410,0.2148000,792,16583173,16583190,1677891009561,true
7056411,0.2148000,209,16583191,16583191,1677891012140,true
7056412,0.2147000,1489,16583192,16583195,1677891012140,true
7056413,0.2148000,33,16583196,16583196,1677891012863,false
7056414,0.2148000,709,16583197,16583199,1677891013108,false
7056415,0.2148000,983,16583200,16583201,1677891022718,true
7056416,0.2148000,347,16583202,16583202,1677891023630,true
7056417,0.2148000,819,16583203,16583203,1677891024322,true
7056418,0.2149000,344,16583204,16583204,1677891030137,false
7056419,0.2148000,1376,16583205,16583206,1677891045221,true
7056420,0.2147000,427,16583207,16583207,1677891045221,true
7056421,0.2147000,1277,16583208,16583209,1677891046432,true
7056422,0.2148000,475,16583210,16583211,1677891062140,false
7056423,0.2148000,1489,16583212,16583214,1677891062784,false
7056424,0.2148000,616,16583215,16583217,1677891063359,false
7056425,0.2148000,1550,16583218,16583219,1677891063982,false
7056426,0.2148000,4221,16583220,16583227,1677891086024,true
7056427,0.2147000,4286,16583228,16583232,1677891086531,true
7056428,0.2146000,177,16583233,16583233,1677891088682,true
7056429,0.2146000,2204,16583234,16583235,1677891093081,true
7056430,0.2146000,81,16583236,16583237,1677891115767,true
7056431,0.2146000,1398,16583238,16583238,1677891117594,true
7056432,0.2146000,1921,16583239,16583241,1677891117640,false
7056433,0.2147000,1264,16583242,16583245,1677891122780,false
7056434,0.2147000,486,16583246,16583246,1677891123377,false
7056435,0.2147000,946,16583247,16583248,1677891123882,false
7056436,0.2148000,455,16583249,16583249,1677891123882,false
7056437,0.2148000,88,16583250,16583251,1677891125062,false
7056438,0.2147000,1215,16583252,16583252,1677891127884,true
7056439,0.2147000,500,16583253,16583253,1677891128166,true
7056440,0.2147000,289,16583254,16583254,1677891132201,false
7056441,0.2147000,429,16583255,16583256,1677891135137,false
7056442,0.2146000,4682,16583257,16583262,1677891138457,true
7056443,0.2145000,1560,16583263,16583268,1677891138467,true
7056444,0.2145000,768,16583269,16583270,1677891140014,false
7056445,0.2145000,500,16583271,16583271,1677891140148,true
7056446,0.2144000,1035,16583272,16583274,1677891140148,true
7056447,0.2145000,511,16583275,16583275,1677891140168,false
7056448,0.2145000,3213,16583276,16583279,1677891152009,true
7056449,0.2144000,8383,16583280,16583287,1677891152009,true
7056450,0.2143000,1406,16583288,16583290,1677891152009,true
7056451,0.2145000,33,16583291,16583291,1677891152614,false
7056452,0.2144000,233,16583292,16583292,1677891167385,true
7056453,0.2144000,347,16583293,16583293,1677891169624,true
7056454,0.2143000,211,16583294,16583295,1677891170399,true
7056455,0.2142000,2508,16583296,16583299,1677891170399,true
7056456,0.2143000,3026,16583300,16583309,1677891170523,false
7056457,0.2143000,973,16583310,16583311,1677891170999,false
7056458,0.2144000,1141,16583312,16583313,1677891170999,false
7056459,0.2144000,1294,16583314,16583318,1677891174780,false
7056460,0.2144000,950,16583319,16583319,1677891175036,true
7056461,0.2145000,1433,16583320,16583322,1677891181145,false
7056462,0.2145000,4370,16583323,16583328,1677891202548,true
7056463,0.2144000,862,16583329,16583330,1677891218049,true
7056464,0.2145000,600,16583331,16583335,1677891240778,false
7056465,0.2145000,343,16583336,16583336,1677891255131,false
7056466,0.2146000,381,16583337,16583337,1677891270138,false
7056467,0.2146000,1803,16583338,16583339,1677891275514,false
7056468,0.2146000,429,16583340,16583340,1677891300576,false
7056469,0.2146000,989,16583341,16583341,1677891304071,false
7056470,0.2146000,120,16583342,16583342,1677891306378,false
7056471,0.2145000,2294,16583343,16583346,1677891312906,true
7056472,0.2144000,721,16583347,16583347,1677891313095,true
7056473,0.2144000,93,16583348,16583348,1677891320974,false
7056474,0.2144000,932,16583349,16583351,1677891321100,false
7056475,0.2143000,475,16583352,16583352,1677891325098,true
7056476,0.2144000,93,16583353,16583354,1677891325184,false
7056477,0.2144000,93,16583355,16583355,1677891328400,false
7056478,0.2144000,381,16583356,16583358,1677891330137,false
7056479,0.2144000,343,16583359,16583359,1677891345138,false
7056480,0.2144000,704,16583360,16583362,1677891362136,false
7056481,0.2143000,157,16583363,16583364,1677891362221,true
7056482,0.2144000,343,16583365,16583366,1677891362675,false
7056483,0.2144000,2244,16583367,16583370,1677891375404,false
7056484,0.2143000,38,16583371,16583371,1677891381792,true
7056485,0.2144000,2011,16583372,16583375,1677891398134,true
7056486,0.2143000,39,16583376,16583376,1677891405603,true
7056487,0.2144000,381,16583377,16583377,1677891422255,false
7056488,0.2144000,765,16583378,16583379,1677891423554,false
7056489,0.2144000,82,16583380,16583380,1677891428430,true
7056490,0.2145000,277,16583381,16583381,1677891482480,false
7056491,0.2145000,429,16583382,16583383,1677891484291,false
7056492,0.2145000,2331,16583384,16583386,1677891492621,false
7056493,0.2145000,343,16583387,16583387,1677891495135,false
7056494,0.2144000,78,16583388,16583388,1677891496583,true
7056495,0.2145000,381,16583389,16583389,1677891510135,false
7056496,0.2145000,1316,16583390,16583390,1677891518798,false
7056497,0.2145000,429,16583391,16583391,1677891542516,false
7056498,0.2144000,586,16583392,16583393,1677891542719,true
7056499,0.2144000,586,16583394,16583395,1677891543088,true
7056500,0.2144000,2367,16583396,16583399,1677891546894,true
7056501,0.2145000,64,16583400,16583400,1677891558486,false
7056502,0.2144000,280,16583401,16583401,1677891558809,true
7056503,0.2143000,233,16583402,16583402,1677891558863,true
7056504,0.2143000,614,16583403,16583404,1677891561691,true
7056505,0.2144000,61,16583405,16583405,1677891567622,false
7056506,0.2144000,382,16583406,16583406,1677891570137,false
7056507,0.2144000,61,16583407,16583408,1677891578792,false
7056508,0.2143000,6387,16583409,16583418,1677891578937,true
7056509,0.2142000,1310,16583419,16583421,1677891580270,false
7056510,0.2142000,5912,16583422,16583427,1677891587549,false
7056511,0.2143000,2325,16583428,16583430,1677891587549,false
7056512,0.2143000,61,16583431,16583431,1677891588965,false
7056513,0.2143000,61,16583432,16583432,1677891599136,false
7056514,0.2143000,424,16583433,16583434,1677891600877,false
7056515,0.2144000,925,16583435,16583435,1677891603278,false
7056516,0.2145000,1279,16583436,16583438,1677891604492,false
7056517,0.2144000,1409,16583439,16583440,1677891605763,true
7056518,0.2145000,1301,16583441,16583442,1677891606744,false
7056519,0.2144000,1778,16583443,16583444,1677891607850,true
7056520,0.2144000,554,16583445,16583445,1677891608738,true
7056521,0.2145000,61,16583446,16583446,1677891613354,false
7056522,0.2145000,61,16583447,16583447,1677891627523,false
7056523,0.2144000,792,16583448,16583449,1677891627535,true
7056524,0.2144000,1951,16583450,16583452,1677891628387,true
7056525,0.2145000,64,16583453,16583453,1677891629515,false
7056526,0.2144000,3341,16583454,16583457,1677891629902,true
7056527,0.2145000,1081,16583458,16583458,1677891632702,false
7056528,0.2145000,2725,16583459,16583464,1677891633692,false
7056529,0.2146000,534,16583465,16583465,1677891633771,false
7056530,0.2146000,60,16583466,16583466,1677891636770,false
7056531,0.2145000,2167,16583467,16583470,1677891637694,true
7056532,0.2146000,60,16583471,16583471,1677891649954,false
7056533,0.2146000,60,16583472,16583472,1677891662142,false
7056534,0.2146000,60,16583473,16583473,1677891670325,false
7056535,0.2145000,1844,16583474,16583481,1677891671799,true
7056536,0.2144000,309,16583482,16583483,1677891671815,true
7056537,0.2145000,60,16583484,16583484,1677891677439,false
7056538,0.2145000,60,16583485,16583485,1677891687704,false
7056539,0.2144000,2030,16583486,16583488,1677891708137,true
7056540,0.2144000,2583,16583489,16583494,1677891710902,false
7056541,0.2144000,500,16583495,16583495,1677891766126,true
7056542,0.2144000,1568,16583496,16583498,1677891774902,false
7056543,0.2144000,935,16583499,16583500,1677891794802,true
7056544,0.2144000,502,16583501,16583501,1677891816091,true
7056545,0.2143000,282,16583502,16583503,1677891828745,true
7056546,0.2143000,2857,16583504,16583507,1677891842019,false
7056547,0.2143000,540,16583508,16583509,1677891843521,true
7056548,0.2143000,3152,16583510,16583514,1677891847277,true
7056549,0.2143000,2930,16583515,16583521,1677891877970,false
7056550,0.2143000,3179,16583522,16583529,1677891897240,true
7056551,0.2142000,1396,16583530,16583532,1677891902244,true
7056552,0.2142000,848,16583533,16583534,1677891904498,false
7056553,0.2141000,1861,16583535,16583539,1677891909453,true
7056554,0.2141000,36,16583540,16583540,1677891911256,true
7056555,0.2142000,1168,16583541,16583543,1677891912889,false
7056556,0.2143000,2185,16583544,16583548,1677891927208,false
7056557,0.2143000,71,16583549,16583549,1677891931735,true
7056558,0.2144000,6406,16583550,16583551,1677891934739,false
7056559,0.2145000,1679,16583552,16583553,1677891934831,false
7056560,0.2145000,4774,16583554,16583557,1677891939149,false
7056561,0.2145000,3071,16583558,16583563,1677891957188,true
7056562,0.2145000,1421,16583564,16583572,1677891957299,true
7056563,0.2144000,233,16583573,16583573,1677891957431,true
7056564,0.2145000,531,16583574,16583575,1677891977326,false
7056565,0.2145000,462,16583576,16583576,1677891978837,true
7056566,0.2146000,46,16583577,16583577,1677891981896,false
7056567,0.2145000,102,16583578,16583580,1677891984026,true
7056568,0.2145000,3422,16583581,16583587,1677891997860,true
7056569,0.2144000,177,16583588,16583588,1677891998809,false
7056570,0.2143000,1050,16583589,16583592,1677892032414,true
7056571,0.2142000,3143,16583593,16583597,1677892055964,false
7056572,0.2142000,1047,16583598,16583600,1677892070128,true
7056573,0.2142000,3968,16583601,16583604,1677892073357,false
7056574,0.2144000,424,16583605,16583605,1677892097068,false
7056575,0.2145000,6013,16583606,16583611,1677892097068,false
7056576,0.2146000,21619,16583612,16583622,1677892097069,false
7056577,0.2145000,500,16583623,16583623,1677892097087,true
7056578,0.2146000,500,16583624,16583624,1677892097099,true
7056579,0.2145000,506,16583625,16583625,1677892097139,true
7056580,0.2144000,3634,16583626,16583632,1677892111150,true
7056581,0.2143000,3008,16583633,16583637,1677892113122,true
7056582,0.2142000,75,16583638,16583638,1677892127014,false
7056583,0.2142000,108,16583639,16583639,1677892128144,false
7056584,0.2142000,26,16583640,16583640,1677892129882,false
7056585,0.2141000,116,16583641,16583641,1677892135767,true
7056586,0.2142000,2604,16583642,16583643,1677892138469,false
7056587,0.2143000,71,16583644,16583644,1677892139290,false
7056588,0.2143000,253,16583645,16583646,1677892142615,true
7056589,0.2143000,2743,16583647,16583651,1677892143738,false
7056590,0.2144000,71,16583652,16583652,1677892148462,false
7056591,0.2143000,250,16583653,16583653,1677892150775,true
7056592,0.2143000,467,16583654,16583654,1677892160484,true
7056593,0.2144000,71,16583655,16583655,1677892161634,false
7056594,0.2144000,71,16583656,16583656,1677892169823,false
7056595,0.2143000,5891,16583657,16583670,1677892179274,true
7056596,0.2143000,71,16583671,16583671,1677892181946,false
7056597,0.2143000,71,16583672,16583672,1677892193181,false
7056598,0.2143000,24,16583673,16583673,1677892198669,false
7056599,0.2142000,539,16583674,16583674,1677892203681,true
7056600,0.2143000,2811,16583675,16583680,1677892218903,false
7056601,0.2144000,5459,16583681,16583687,1677892221408,true
7056602,0.2143000,2833,16583688,16583689,1677892221408,true
7056603,0.2143000,1450,16583690,16583693,1677892248429,true
7056604,0.2143000,268,16583694,16583695,1677892260064,true
7056605,0.2142000,46,16583696,16583696,1677892264071,true
7056606,0.2142000,3918,16583697,16583703,1677892288215,true
7056607,0.2142000,2525,16583704,16583708,1677892288359,true
7056608,0.2141000,1294,16583709,16583712,1677892303481,true
7056609,0.2140000,8275,16583713,16583718,1677892303481,true
7056610,0.2140000,429,16583719,16583719,1677892305146,true
7056611,0.2140000,1026,16583720,16583720,1677892306000,true
7056612,0.2141000,3794,16583721,16583724,1677892307804,false
7056613,0.2142000,1565,16583725,16583726,1677892308043,false
7056614,0.2143000,519,16583727,16583728,1677892323745,true
7056615,0.2144000,464,16583729,16583729,1677892327886,false
7056616,0.2144000,78,16583730,16583730,1677892366467,false
7056617,0.2144000,78,16583731,16583731,1677892373608,false
7056618,0.2143000,47,16583732,16583732,1677892375233,true
7056619,0.2144000,1960,16583733,16583734,1677892375849,false
7056620,0.2145000,209,16583735,16583736,1677892376439,true
7056621,0.2145000,934,16583737,16583737,1677892381620,true
7056622,0.2146000,78,16583738,16583738,1677892381796,false
7056623,0.2146000,1320,16583739,16583742,1677892386516,false
7056624,0.2146000,289,16583743,16583743,1677892389772,false
7056625,0.2147000,165,16583744,16583744,1677892389772,false
7056626,0.2147000,1026,16583745,16583745,1677892389916,false
7056627,0.2147000,1982,16583746,16583749,1677892390047,true
7056628,0.2148000,78,16583750,16583750,1677892391969,false
7056629,0.2148000,476,16583751,16583752,1677892392725,false
7056630,0.2148000,235,16583753,16583754,1677892395197,false
7056631,0.2149000,1031,16583755,16583756,1677892395197,false
7056632,0.2148000,2404,16583757,16583758,1677892395452,true
7056633,0.2149000,232,16583759,16583759,1677892400148,false
7056634,0.2149000,78,16583760,16583760,1677892404091,false
7056635,0.2149000,78,16583761,16583761,1677892418249,false
7056636,0.2149000,6790,16583762,16583768,1677892423062,false
7056637,0.2149000,78,16583769,16583769,1677892430421,false
7056638,0.2149000,2050,16583770,16583772,1677892431905,false
7056639,0.2150000,2641,16583773,16583773,1677892431905,false
7056640,0.2150000,56,16583774,16583774,1677892435535,false
7056641,0.2150000,192,16583775,16583775,1677892437349,false
7056642,0.2149000,678,16583776,16583776,1677892442730,true
7056643,0.2150000,56,16583777,16583777,1677892442750,false
7056644,0.2149000,818,16583778,16583778,1677892443393,true
7056645,0.2149000,27411,16583779,16583790,1677892451131,true
7056646,0.2148000,1751,16583791,16583798,1677892451230,true
7056647,0.2148000,1389,16583799,16583801,1677892451357,true
7056648,0.2147000,1854,16583802,16583808,1677892451357,true
7056649,0.2147000,466,16583809,16583809,1677892453523,true
7056650,0.2148000,56,16583810,16583810,1677892454001,false
7056651,0.2148000,56,16583811,16583811,1677892466199,false
7056652,0.2148000,56,16583812,16583812,1677892473939,false
7056653,0.2147000,106,16583813,16583813,1677892475692,true
7056654,0.2148000,57,16583814,16583814,1677892481754,false
7056655,0.2148000,56,16583815,16583815,1677892484109,false
7056656,0.2148000,846,16583816,16583817,1677892486263,false
7056657,0.2148000,1623,16583818,16583819,1677892491144,false
7056658,0.2148000,56,16583820,16583820,1677892491311,false
7056659,0.2147000,39,16583821,16583821,1677892503478,true
7056660,0.2146000,450,16583822,16583822,1677892503478,true
7056661,0.2146000,675,16583823,16583824,1677892504205,true
7056662,0.2146000,859,16583825,16583826,1677892504845,true
7056663,0.2146000,1658,16583827,16583828,1677892508741,true
7056664,0.2147000,73,16583829,16583829,1677892526373,false
7056665,0.2147000,30,16583830,16583830,1677892528962,false
7056666,0.2147000,72,16583831,16583831,1677892538576,false
7056667,0.2147000,206,16583832,16583832,1677892544178,false
7056668,0.2147000,72,16583833,16583833,1677892546749,false
7056669,0.2147000,72,16583834,16583835,1677892555935,false
7056670,0.2146000,535,16583836,16583838,1677892563284,true
7056671,0.2146000,909,16583839,16583840,1677892565637,true
7056672,0.2145000,233,16583841,16583841,1677892565815,true
7056673,0.2145000,933,16583842,16583843,1677892566439,true
7056674,0.2145000,5250,16583844,16583850,1677892566600,true
7056675,0.2145000,72,16583851,16583851,1677892567044,false
7056676,0.2142000,3155,16583852,16583855,1677892571637,true
7056677,0.2141000,5604,16583856,16583860,1677892571637,true
7056678,0.2142000,11700,16583861,16583867,1677892571671,false
7056679,0.2143000,72,16583868,16583868,1677892581781,false
7056680,0.2143000,72,16583869,16583869,1677892591969,false
7056681,0.2143000,5616,16583870,16583874,1677892635538,false
7056682,0.2143000,479,16583875,16583875,1677892657677,true
7056683,0.2144000,10016,16583876,16583880,1677892714938,false
7056684,0.2145000,2325,16583881,16583883,1677892714948,false
7056685,0.2145000,471,16583884,16583884,1677892743153,true
7056686,0.2146000,51,16583885,16583885,1677892756483,false
7056687,0.2146000,2327,16583886,16583886,1677892784807,false
7056688,0.2145000,602,16583887,16583889,1677892802849,true
7056689,0.2145000,1234,16583890,16583895,1677892803043,true
7056690,0.2144000,517,16583896,16583897,1677892803043,true
7056691,0.2144000,803,16583898,16583898,1677892803661,true
7056692,0.2144000,1141,16583899,16583900,1677892804005,true
7056693,0.2144000,1725,16583901,16583903,1677892810701,true
7056694,0.2143000,619,16583904,16583906,1677892810701,true
7056695,0.2144000,1452,16583907,16583909,1677892810712,false
7056696,0.2144000,2575,16583910,16583912,1677892813353,true
7056697,0.2144000,997,16583913,16583914,1677892813395,false
7056698,0.2145000,723,16583915,16583915,1677892826702,false
7056699,0.2145000,7699,16583916,16583923,1677892829030,false
7056700,0.2145000,1559,16583924,16583924,1677892829172,true
7056701,0.2145000,4173,16583925,16583933,1677892836918,true
7056702,0.2144000,972,16583934,16583935,1677892863821,true
7056703,0.2144000,5742,16583936,16583936,1677892888360,true
7056704,0.2143000,510,16583937,16583940,1677892923032,true
7056705,0.2144000,1154,16583941,16583942,1677892952449,false
7056706,0.2144000,175,16583943,16583943,1677892974458,false
7056707,0.2143000,55,16583944,16583944,1677892991426,true
7056708,0.2143000,518,16583945,16583946,1677893041222,true
7056709,0.2143000,117,16583947,16583947,1677893041446,true
7056710,0.2142000,609,16583948,16583948,1677893043749,true
7056711,0.2143000,51,16583949,16583949,1677893046047,false
7056712,0.2142000,7123,16583950,16583956,1677893051141,true
7056713,0.2142000,4681,16583957,16583960,1677893062517,false
7056714,0.2143000,4313,16583961,16583969,1677893064230,false
7056715,0.2143000,688,16583970,16583974,1677893074625,true
7056716,0.2143000,2320,16583975,16583976,1677893124812,false
7056717,0.2142000,495,16583977,16583977,1677893163079,true
7056718,0.2142000,477,16583978,16583978,1677893163670,true
7056719,0.2142000,12831,16583979,16583983,1677893196464,true
7056720,0.2141000,233,16583984,16583984,1677893196574,true
7056721,0.2141000,1615,16583985,16583988,1677893215320,true
7056722,0.2141000,3578,16583989,16583993,1677893219104,false
7056723,0.2142000,972,16583994,16583995,1677893223730,false
7056724,0.2142000,5387,16583996,16583999,1677893251064,true
7056725,0.2143000,3817,16584000,16584005,1677893267272,false
7056726,0.2144000,2455,16584006,16584008,1677893267293,false
7056727,0.2144000,500,16584009,16584009,1677893267303,true
7056728,0.2144000,161,16584010,16584010,1677893280066,true
7056729,0.2145000,466,16584011,16584011,1677893306858,false
7056730,0.2144000,102,16584012,16584013,1677893312567,true
7056731,0.2144000,5856,16584014,16584022,1677893314842,true
7056732,0.2143000,3000,16584023,16584026,1677893315489,true
7056733,0.2143000,4128,16584027,16584032,1677893321309,false
7056734,0.2144000,35,16584033,16584033,1677893327873,false
7056735,0.2145000,368,16584034,16584034,1677893327873,false
7056736,0.2144000,1569,16584035,16584036,1677893360223,true
7056737,0.2143000,500,16584037,16584037,1677893362480,true
7056738,0.2142000,117,16584038,16584038,1677893362480,true
7056739,0.2143000,41,16584039,16584039,1677893367438,false
7056740,0.2143000,37,16584040,16584040,1677893375573,false
7056741,0.2143000,37,16584041,16584041,1677893386870,false
7056742,0.2143000,37,16584042,16584042,1677893395995,false
7056743,0.2142000,507,16584043,16584043,1677893402841,true
7056744,0.2143000,5550,16584044,16584049,1677893403847,false
7056745,0.2142000,4079,16584050,16584054,1677893403870,true
7056746,0.2142000,2180,16584055,16584057,1677893404636,true
7056747,0.2142000,500,16584058,16584058,1677893405611,false
7056748,0.2143000,37,16584059,16584059,1677893407315,false
7056749,0.2142000,473,16584060,16584060,1677893411328,true
7056750,0.2142000,815,16584061,16584061,1677893413221,true
7056751,0.2143000,37,16584062,16584062,1677893414418,false
7056752,0.2143000,313,16584063,16584063,1677893415658,false
7056753,0.2143000,3196,16584064,16584067,1677893415818,false
7056754,0.2143000,784,16584068,16584069,1677893415937,false
7056755,0.2143000,848,16584070,16584070,1677893416051,true
7056756,0.2144000,1718,16584071,16584072,1677893416164,false
7056757,0.2145000,37,16584073,16584073,1677893425541,false
7056758,0.2145000,458,16584074,16584075,1677893434451,false
7056759,0.2145000,53,16584076,16584076,1677893446262,false
7056760,0.2145000,51,16584077,16584077,1677893453469,false
7056761,0.2145000,51,16584078,16584078,1677893465716,false
7056762,0.2145000,2885,16584079,16584082,1677893477000,false
7056763,0.2147000,1589,16584083,16584084,1677893480741,false
7056764,0.2147000,51,16584085,16584085,1677893486669,false
7056765,0.2147000,3121,16584086,16584089,1677893492109,true
7056766,0.2146000,2492,16584090,16584093,1677893492109,true
7056767,0.2147000,51,16584094,16584094,1677893493779,false
7056768,0.2146000,4144,16584095,16584101,1677893495194,true
7056769,0.2146000,51,16584102,16584102,1677893505936,false
7056770,0.2145000,301,16584103,16584103,1677893509231,true
7056771,0.2146000,48,16584104,16584104,1677893510703,false
7056772,0.2146000,48,16584105,16584105,1677893518887,false
7056773,0.2145000,521,16584106,16584106,1677893522811,true
7056774,0.2146000,48,16584107,16584107,1677893527060,false
7056775,0.2145000,661,16584108,16584108,1677893535929,true
7056776,0.2145000,48,16584109,16584109,1677893537231,false
7056777,0.2145000,48,16584110,16584110,1677893548341,false
7056778,0.2144000,458,16584111,16584111,1677893550669,true
7056779,0.2145000,48,16584112,16584112,1677893558497,false
7056780,0.2144000,465,16584113,16584113,1677893562970,true
7056781,0.2143000,466,16584114,16584114,1677893562970,true
7056782,0.2143000,456,16584115,16584115,1677893569290,true
7056783,0.2144000,48,16584116,16584116,1677893571729,false
7056784,0.2143000,4877,16584117,16584122,1677893583616,true
7056785,0.2144000,1250,16584123,16584124,1677893595509,false
7056786,0.2144000,4063,16584125,16584130,1677893595618,false
7056787,0.2144000,1509,16584131,16584131,1677893595721,false
7056788,0.2145000,86,16584132,16584132,1677893608159,false
7056789,0.2145000,83,16584133,16584133,1677893615328,false
7056790,0.2145000,1736,16584134,16584136,1677893617509,false
7056791,0.2147000,83,16584137,16584137,1677893627578,false
7056792,0.2147000,116,16584138,16584138,1677893631967,false
7056793,0.2147000,83,16584139,16584139,1677893641764,false
7056794,0.2146000,6881,16584140,16584143,1677893642829,true
7056795,0.2146000,361,16584144,16584144,1677893643191,true
7056796,0.2145000,251,16584145,16584145,1677893643191,true
7056797,0.2145000,660,16584146,16584146,1677893643335,true
7056798,0.2145000,83,16584147,16584147,1677893649940,false
7056799,0.2145000,83,16584148,16584148,1677893660047,false
7056800,0.2144000,4432,16584149,16584151,1677893660582,true
7056801,0.2143000,537,16584152,16584152,1677893660582,true
7056802,0.2144000,83,16584153,16584153,1677893669225,false
7056803,0.2144000,5317,16584154,16584158,1677893677357,false
7056804,0.2145000,6901,16584159,16584162,1677893677372,false
7056805,0.2146000,2107,16584163,16584165,1677893688848,true
7056806,0.2145000,2087,16584166,16584170,1677893703783,true
7056807,0.2144000,6126,16584171,16584178,1677893703783,true
7056808,0.2144000,737,16584179,16584179,1677893704076,true
7056809,0.2144000,1061,16584180,16584180,1677893712920,true
7056810,0.2145000,31,16584181,16584181,1677893712936,false
7056811,0.2145000,32,16584182,16584182,1677893718477,false
7056812,0.2145000,2215,16584183,16584185,1677893722996,false
7056813,0.2145000,54,16584186,16584186,1677893743569,false
7056814,0.2144000,738,16584187,16584188,1677893745267,true
7056815,0.2145000,53,16584189,16584189,1677893755766,false
7056816,0.2145000,47,16584190,16584190,1677893759484,false
7056817,0.2144000,477,16584191,16584191,1677893763048,true
7056818,0.2144000,513,16584192,16584192,1677893763737,true
7056819,0.2144000,330,16584193,16584193,1677893763934,true
7056820,0.2143000,408,16584194,16584194,1677893763934,true
7056821,0.2144000,53,16584195,16584195,1677893766920,false
7056822,0.2143000,341,16584196,16584196,1677893767628,true
7056823,0.2143000,429,16584197,16584202,1677893772872,true
7056824,0.2143000,53,16584203,16584203,1677893781081,false
7056825,0.2142000,1503,16584204,16584204,1677893785203,true
7056826,0.2141000,53,16584205,16584205,1677893792233,false
7056827,0.2140000,8349,16584206,16584211,1677893802582,true
7056828,0.2141000,53,16584212,16584212,1677893803421,false
7056829,0.2141000,53,16584213,16584213,1677893815608,false
7056830,0.2140000,594,16584214,16584215,1677893820448,true
7056831,0.2139000,199,16584216,16584217,1677893820750,true
7056832,0.2139000,1503,16584218,16584224,1677893821089,true
7056833,0.2140000,33,16584225,16584225,1677893821170,false
7056834,0.2139000,607,16584226,16584226,1677893835195,true
7056835,0.2138000,189,16584227,16584227,1677893835195,true
7056836,0.2139000,447,16584228,16584228,1677893835209,false
7056837,0.2139000,102,16584229,16584230,1677893837027,false
7056838,0.2138000,735,16584231,16584232,1677893842567,true
7056839,0.2139000,54,16584233,16584233,1677893857528,false
7056840,0.2139000,43,16584234,16584234,1677893863003,false
7056841,0.2139000,48,16584235,16584235,1677893864642,false
7056842,0.2139000,976,16584236,16584237,1677893867319,false
7056843,0.2139000,41,16584238,16584238,1677893873192,false
7056844,0.2139000,48,16584239,16584239,1677893877799,false
7056845,0.2139000,41,16584240,16584240,1677893883364,false
7056846,0.2139000,48,16584241,16584241,1677893890905,false
7056847,0.2139000,41,16584242,16584242,1677893891486,false
7056848,0.2139000,41,16584243,16584244,1677893900666,false
7056849,0.2139000,48,16584245,16584245,1677893903063,false
7056850,0.2139000,41,16584246,16584246,1677893911830,false
7056851,0.2139000,48,16584247,16584247,1677893917299,false
7056852,0.2139000,41,16584248,16584248,1677893921002,false
7056853,0.2139000,48,16584249,16584249,1677893924473,false
7056854,0.2139000,67,16584250,16584250,1677893939579,false
7056855,0.2139000,4610,16584251,16584256,1677893945630,false
7056856,0.2141000,65,16584257,16584257,1677893948707,false
7056857,0.2141000,91,16584258,16584259,1677893952274,false
7056858,0.2143000,191,16584260,16584260,1677893958759,false
7056859,0.2143000,47,16584261,16584261,1677893960229,true
7056860,0.2144000,65,16584262,16584262,1677893960863,false
7056861,0.2144000,487,16584263,16584263,1677893970506,false
7056862,0.2144000,239,16584264,16584264,1677893971029,false
7056863,0.2144000,65,16584265,16584265,1677893974021,false
7056864,0.2144000,1141,16584266,16584267,1677893980652,false
7056865,0.2143000,845,16584268,16584270,1677893985758,true
7056866,0.2143000,65,16584271,16584271,1677893987255,false
7056867,0.2142000,500,16584272,16584272,1677893991425,true
7056868,0.2141000,2176,16584273,16584274,1677893991427,true
7056869,0.2140000,10169,16584275,16584282,1677893991427,true
7056870,0.2139000,9680,16584283,16584288,1677893991430,true
7056871,0.2139000,4765,16584289,16584293,1677893991445,false
7056872,0.2140000,297,16584294,16584294,1677893991463,false
7056873,0.2139000,487,16584295,16584295,1677893993104,true
7056874,0.2140000,65,16584296,16584296,1677893994444,false
7056875,0.2140000,2061,16584297,16584299,1677893996291,false
7056876,0.2141000,5792,16584300,16584304,1677894003511,true
7056877,0.2140000,7691,16584305,16584311,1677894003511,true
7056878,0.2141000,65,16584312,16584312,1677894004615,false
7056879,0.2140000,802,16584313,16584315,1677894012060,true
7056880,0.2140000,863,16584316,16584317,1677894013213,true
7056881,0.2140000,1357,16584318,16584319,1677894016233,true
7056882,0.2140000,1016,16584320,16584322,1677894019050,true
7056883,0.2140000,2336,16584323,16584323,1677894031314,false
7056884,0.2139000,1921,16584324,16584325,1677894035684,true
7056885,0.2138000,5691,16584326,16584331,1677894035684,true
7056886,0.2137000,1239,16584332,16584335,1677894035684,true
7056887,0.2138000,403,16584336,16584336,1677894049213,false
7056888,0.2139000,483,16584337,16584338,1677894062719,false
7056889,0.2138000,268,16584339,16584339,1677894078858,true
7056890,0.2139000,1156,16584340,16584342,1677894087820,false
7056891,0.2140000,77,16584343,16584343,1677894089244,false
7056892,0.2139000,265,16584344,16584344,1677894091054,true
7056893,0.2139000,265,16584345,16584345,1677894101240,true
7056894,0.2140000,76,16584346,16584346,1677894101995,false
7056895,0.2139000,265,16584347,16584347,1677894108426,true
7056896,0.2140000,76,16584348,16584348,1677894114179,false
7056897,0.2138000,265,16584349,16584350,1677894117552,true
7056898,0.2139000,76,16584351,16584351,1677894121288,false
7056899,0.2140000,538,16584352,16584352,1677894123341,false
7056900,0.2140000,1057,16584353,16584353,1677894123593,false
7056901,0.2140000,635,16584354,16584354,1677894123836,false
7056902,0.2140000,14393,16584355,16584366,1677894127987,false
7056903,0.2141000,265,16584367,16584367,1677894131747,true
7056904,0.2142000,76,16584368,16584368,1677894134538,false
7056905,0.2142000,76,16584369,16584369,1677894141669,false
7056906,0.2141000,265,16584370,16584371,1677894144912,true
7056907,0.2142000,76,16584372,16584372,1677894154791,false
7056908,0.2141000,1204,16584373,16584374,1677894167751,true
7056909,0.2140000,2799,16584375,16584380,1677894167937,true
7056910,0.2140000,222,16584381,16584381,1677894181677,false
7056911,0.2140000,558,16584382,16584384,1677894183054,false
7056912,0.2139000,5563,16584385,16584393,1677894194882,true
7056913,0.2137000,26914,16584394,16584405,1677894194884,true
7056914,0.2136000,1722,16584406,16584411,1677894194902,true
7056915,0.2135000,458,16584412,16584414,1677894194905,true
7056916,0.2136000,1174,16584415,16584416,1677894194914,true
7056917,0.2135000,3011,16584417,16584417,1677894195003,true
7056918,0.2136000,1764,16584418,16584422,1677894195484,false
7056919,0.2136000,4680,16584423,16584426,1677894195629,true
7056920,0.2136000,6561,16584427,16584428,1677894197098,true
7056921,0.2135000,16012,16584429,16584438,1677894197098,true
7056922,0.2135000,535,16584439,16584440,1677894205284,false
7056923,0.2136000,500,16584441,16584441,1677894205569,false
7056924,0.2137000,1278,16584442,16584444,1677894242603,false
7056925,0.2138000,842,16584445,16584445,1677894243343,false
7056926,0.2140000,98,16584446,16584446,1677894256933,false
7056927,0.2140000,139,16584447,16584447,1677894269424,false
7056928,0.2140000,41,16584448,16584448,1677894273572,false
7056929,0.2140000,37,16584449,16584449,1677894286746,false
7056930,0.2140000,37,16584450,16584450,1677894299999,false
7056931,0.2140000,1641,16584451,16584452,1677894304886,false
7056932,0.2141000,45,16584453,16584453,1677894309085,false
7056933,0.2140000,502,16584454,16584454,1677894310226,true
7056934,0.2140000,2045,16584455,16584459,1677894310554,true
7056935,0.2141000,37,16584460,16584460,1677894311103,false
7056936,0.2140000,2861,16584461,16584464,1677894312483,true
7056937,0.2140000,44,16584465,16584466,1677894316228,false
7056938,0.2140000,37,16584467,16584467,1677894319215,false
7056939,0.2139000,180,16584468,16584468,1677894324045,true
7056940,0.2138000,554,16584469,16584470,1677894325331,true
7056941,0.2139000,44,16584471,16584471,1677894325400,false
7056942,0.2139000,37,16584472,16584472,1677894326323,false
7056943,0.2138000,172,16584473,16584473,1677894328104,true
7056944,0.2138000,975,16584474,16584474,1677894330088,true
7056945,0.2139000,44,16584475,16584475,1677894334576,false
7056946,0.2137000,234,16584476,16584476,1677894340206,true
7056947,0.2138000,37,16584477,16584477,1677894340418,false
7056948,0.2137000,3655,16584478,16584484,1677894341400,false
7056949,0.2138000,44,16584485,16584485,1677894346702,false
7056950,0.2137000,399,16584486,16584487,1677894354041,true
7056951,0.2138000,44,16584488,16584488,1677894360072,false
7056952,0.2138000,706,16584489,16584490,1677894363357,false
7056953,0.2138000,44,16584491,16584491,1677894373254,false
7056954,0.2137000,32,16584492,16584492,1677894444048,true
7056955,0.2137000,126,16584493,16584493,1677894446391,true
7056956,0.2138000,124,16584494,16584495,1677894475409,false
7056957,0.2137000,1839,16584496,16584501,1677894483457,true
7056958,0.2136000,478,16584502,16584503,1677894483679,true
7056959,0.2135000,722,16584504,16584504,1677894483679,true
7056960,0.2135000,128,16584505,16584505,1677894502486,true
7056961,0.2136000,1060,16584506,16584509,1677894502719,false
7056962,0.2136000,2341,16584510,16584512,1677894522736,true
7056963,0.2136000,1184,16584513,16584514,1677894522965,false
7056964,0.2136000,892,16584515,16584516,1677894524008,false
7056965,0.2135000,120,16584517,16584517,1677894547537,false
7056966,0.2134000,1930,16584518,16584525,1677894580985,true
7056967,0.2133000,459,16584526,16584528,1677894583109,true
7056968,0.2134000,1157,16584529,16584530,1677894584098,false
7056969,0.2134000,1888,16584531,16584531,1677894586053,false
7056970,0.2133000,4685,16584532,16584539,1677894651354,true
7056971,0.2132000,171,16584540,16584541,1677894651354,true
7056972,0.2132000,132,16584542,16584543,1677894653139,true
7056973,0.2132000,938,16584544,16584544,1677894659242,true
7056974,0.2132000,2774,16584545,16584547,1677894729779,true
7056975,0.2131000,236,16584548,16584549,1677894730018,true
7056976,0.2131000,8647,16584550,16584556,1677894733710,true
7056977,0.2130000,16500,16584557,16584567,1677894733710,true
7056978,0.2129000,3563,16584568,16584570,1677894733710,true
7056979,0.2129000,552,16584571,16584571,1677894733846,true
7056980,0.2130000,352,16584572,16584572,1677894734988,false
7056981,0.2129000,2662,16584573,16584575,1677894736168,true
7056982,0.2130000,27284,16584576,16584590,1677894763243,false
7056983,0.2131000,1963,16584591,16584592,1677894769775,true
7056984,0.2130000,3656,16584593,16584594,1677894769775,true
7056985,0.2130000,4214,16584595,16584600,1677894773324,true
7056986,0.2130000,2068,16584601,16584603,1677894778159,true
7056987,0.2129000,4473,16584604,16584610,1677894778159,true
7056988,0.2128000,16,16584611,16584611,1677894778174,true
7056989,0.2128000,6322,16584612,16584620,1677894780759,true
7056990,0.2129000,296,16584621,16584622,1677894798581,false
7056991,0.2129000,5886,16584623,16584628,1677894816058,true
7056992,0.2129000,90,16584629,16584629,1677894836165,true
7056993,0.2129000,80,16584630,16584630,1677894836963,true
7056994,0.2129000,11837,16584631,16584638,1677894844237,true
7056995,0.2128000,84,16584639,16584639,1677894844237,true
7056996,0.2129000,400,16584640,16584641,1677894853442,true
7056997,0.2129000,1213,16584642,16584645,1677894854793,true
7056998,0.2128000,401,16584646,16584649,1677894854793,true
7056999,0.2128000,148,16584650,16584650,1677894869946,true
7057000,0.2129000,107,16584651,16584651,1677894873495,false
7057001,0.2129000,1655,16584652,16584655,1677894878003,true
7057002,0.2128000,27,16584656,16584656,1677894885342,true
7057003,0.2129000,456,16584657,16584657,1677894890016,false
7057004,0.2130000,262,16584658,16584658,1677894895098,false
7057005,0.2130000,685,16584659,16584660,1677894915589,false
7057006,0.2130000,65,16584661,16584661,1677894915897,false
7057007,0.2130000,469,16584662,16584662,1677894923131,false
7057008,0.2129000,202,16584663,16584664,1677894928046,true
7057009,0.2129000,201,16584665,16584665,1677894930133,true
7057010,0.2129000,244,16584666,16584667,1677894954082,true
7057011,0.2129000,491,16584668,16584670,1677894967654,true
7057012,0.2129000,158,16584671,16584671,1677894973598,true
7057013,0.2129000,32,16584672,16584672,1677894984097,true
7057014,0.2129000,32,16584673,16584673,1677894988051,true
7057015,0.2129000,32,16584674,16584674,1677894990019,true
7057016,0.2129000,38,16584675,16584675,1677894991018,true
7057017,0.2129000,43,16584676,16584676,1677894998020,true
7057018,0.2130000,1000,16584677,16584677,1677895004486,false
7057019,0.2129000,40,16584678,16584678,1677895007358,true
7057020,0.2129000,3436,16584679,16584681,1677895028967,true
7057021,0.2128000,235,16584682,16584683,1677895029005,true
7057022,0.2128000,647,16584684,16584685,1677895030206,true
7057023,0.2127000,82,16584686,16584686,1677895031039,true
7057024,0.2128000,46,16584687,16584687,1677895031039,false
7057025,0.2127000,105,16584688,16584688,1677895033151,true
7057026,0.2127000,5214,16584689,16584697,1677895034515,true
7057027,0.2127000,3970,16584698,16584700,1677895034618,true
7057028,0.2127000,1075,16584701,16584706,1677895035219,true
7057029,0.2127000,3250,16584707,16584709,1677895035377,false
7057030,0.2127000,1450,16584710,16584712,1677895035552,false
7057031,0.2127000,584,16584713,16584714,1677895041045,false
7057032,0.2127000,93,16584715,16584715,1677895051395,true
7057033,0.2127000,124,16584716,16584716,1677895052276,true
7057034,0.2128000,561,16584717,16584718,1677895065299,false
7057035,0.2128000,1477,16584719,16584721,1677895163427,true
7057036,0.2129000,3970,16584722,16584726,1677895165272,false
7057037,0.2129000,15018,16584727,16584739,1677895165997,true
7057038,0.2128000,8826,16584740,16584746,1677895166007,true
7057039,0.2127000,20900,16584747,16584764,1677895166014,true
7057040,0.2126000,1878,16584765,16584769,1677895166076,true
7057041,0.2126000,88,16584770,16584770,1677895168094,true
7057042,0.2127000,3788,16584771,16584775,1677895168356,false
7057043,0.2127000,506,16584776,16584776,1677895172478,true
7057044,0.2127000,4701,16584777,16584779,1677895202754,true
7057045,0.2128000,2335,16584780,16584782,1677895202978,false
7057046,0.2128000,474,16584783,16584784,1677895226344,false
7057047,0.2127000,4488,16584785,16584789,1677895234471,true
7057048,0.2127000,3276,16584790,16584792,1677895243196,true
7057049,0.2126000,1138,16584793,16584793,1677895243363,true
7057050,0.2127000,940,16584794,16584794,1677895245795,false
7057051,0.2127000,5743,16584795,16584800,1677895268499,false
7057052,0.2127000,8549,16584801,16584805,1677895268719,false
7057053,0.2127000,3780,16584806,16584810,1677895273116,true
7057054,0.2127000,617,16584811,16584811,1677895277024,false
7057055,0.2126000,8386,16584812,16584826,1677895278808,true
7057056,0.2125000,300,16584827,16584829,1677895294972,true
7057057,0.2125000,94,16584830,16584830,1677895352324,true
7057058,0.2126000,17556,16584831,16584842,1677895376521,false
7057059,0.2127000,341,16584843,16584843,1677895404963,false
7057060,0.2127000,4444,16584844,16584845,1677895439247,false
7057061,0.2126000,7449,16584846,16584852,1677895462137,true
7057062,0.2126000,7214,16584853,16584859,1677895472186,false
7057063,0.2126000,82,16584860,16584860,1677895493966,true
7057064,0.2126000,81,16584861,16584861,1677895505151,true
7057065,0.2126000,8890,16584862,16584869,1677895515108,true
7057066,0.2125000,81,16584870,16584870,1677895515283,true
7057067,0.2125000,2302,16584871,16584871,1677895521538,true
7057068,0.2125000,81,16584872,16584872,1677895527260,true
7057069,0.2125000,7258,16584873,16584874,1677895532752,true
7057070,0.2125000,81,16584875,16584875,1677895540352,true
7057071,0.2126000,175,16584876,16584876,1677895545660,false
7057072,0.2125000,81,16584877,16584877,1677895553507,true
7057073,0.2125000,81,16584878,16584878,1677895560700,true
7057074,0.2126000,537,16584879,16584879,1677895582883,false
7057075,0.2126000,17757,16584880,16584895,1677895596265,false
7057076,0.2126000,120,16584896,16584896,1677895626252,false
7057077,0.2126000,38,16584897,16584897,1677895638341,false
7057078,0.2126000,35,16584898,16584898,1677895650465,false
7057079,0.2126000,35,16584899,16584899,1677895663639,false
7057080,0.2125000,10220,16584900,16584910,1677895667523,true
7057081,0.2125000,35,16584911,16584911,1677895672845,false
7057082,0.2125000,35,16584912,16584912,1677895682012,false
7057083,0.2125000,35,16584913,16584913,1677895696203,false
7057084,0.2125000,35,16584914,16584914,1677895709327,false
7057085,0.2124000,325,16584915,16584916,1677895715688,true
7057086,0.2124000,27,16584917,16584917,1677895729118,true
7057087,0.2125000,929,16584918,16584918,1677895743279,false
7057088,0.2125000,9770,16584919,16584921,1677895763995,false
7057089,0.2125000,3653,16584922,16584925,1677895767159,true
7057090,0.2126000,1277,16584926,16584928,1677895803074,false
7057091,0.2126000,2785,16584929,16584932,1677895803252,false
7057092,0.2127000,2540,16584933,16584935,1677895803692,false
7057093,0.2127000,2425,16584936,16584936,1677895805357,false
7057094,0.2127000,993,16584937,16584937,1677895806198,false
7057095,0.2128000,3095,16584938,16584941,1677895806215,false
7057096,0.2127000,2842,16584942,16584945,1677895806238,true
7057097,0.2126000,102,16584946,16584947,1677895807508,true
7057098,0.2127000,491,16584948,16584948,1677895816210,false
7057099,0.2127000,5593,16584949,16584953,1677895816534,true
7057100,0.2127000,493,16584954,16584954,1677895818234,false
7057101,0.2127000,500,16584955,16584955,1677895821461,false
7057102,0.2128000,28,16584956,16584956,1677895821461,false
7057103,0.2128000,675,16584957,16584957,1677895822282,false
7057104,0.2128000,493,16584958,16584958,1677895833118,false
7057105,0.2128000,24,16584959,16584959,1677895851807,false
7057106,0.2129000,975,16584960,16584961,1677895901518,false
7057107,0.2129000,90,16584962,16584962,1677895908563,false
7057108,0.2128000,82,16584963,16584963,1677895914095,true
7057109,0.2128000,83,16584964,16584964,1677895918036,true
7057110,0.2128000,5627,16584965,16584977,1677895919183,true
7057111,0.2128000,7049,16584978,16584982,1677895919615,true
7057112,0.2128000,776,16584983,16584983,1677895923113,false
7057113,0.2128000,1861,16584984,16584986,1677895924824,false
7057114,0.2129000,328,16584987,16584987,1677895924824,false
7057115,0.2128000,82,16584988,16584988,1677895928093,true
7057116,0.2129000,5620,16584989,16584989,1677895930250,false
7057117,0.2129000,47,16584990,16584990,1677895949990,false
7057118,0.2128000,107,16584991,16584991,1677895950048,true
7057119,0.2128000,296,16584992,16584992,1677895958935,true
7057120,0.2128000,5825,16584993,16585003,1677895969923,true
7057121,0.2127000,295,16585004,16585004,1677895972082,true
7057122,0.2127000,1,16585005,16585005,1677895983029,true
7057123,0.2128000,500,16585006,16585006,1677895983236,false
7057124,0.2129000,851,16585007,16585007,1677895983236,false
7057125,0.2129000,324,16585008,16585008,1677895983542,false
7057126,0.2128000,295,16585009,16585009,1677895984283,true
7057127,0.2129000,2220,16585010,16585010,1677895986732,false
7057128,0.2128000,5702,16585011,16585018,1677895995671,true
7057129,0.2127000,295,16585019,16585020,1677895996397,true
7057130,0.2127000,295,16585021,16585022,1677896006520,true
7057131,0.2128000,146,16585023,16585023,1677896012610,false
7057132,0.2127000,295,16585024,16585024,1677896016691,true
7057133,0.2127000,295,16585025,16585025,1677896023818,true
7057134,0.2127000,1598,16585026,16585026,1677896030316,true
7057135,0.2127000,1697,16585027,16585028,1677896037334,true
7057136,0.2126000,13981,16585029,16585040,1677896041928,true
7057137,0.2126000,132,16585041,16585041,1677896046144,false
7057138,0.2126000,153,16585042,16585042,1677896077031,false
7057139,0.2126000,40,16585043,16585043,1677896081358,false
7057140,0.2125000,912,16585044,16585047,1677896103093,true
7057141,0.2126000,498,16585048,16585049,1677896104529,false
7057142,0.2126000,1945,16585050,16585050,1677896104638,false
7057143,0.2126000,729,16585051,16585051,1677896111292,false
7057144,0.2126000,3323,16585052,16585055,1677896122556,false
7057145,0.2127000,442,16585056,16585056,1677896123772,false
7057146,0.2126000,2887,16585057,16585061,1677896136068,true
7057147,0.2125000,16448,16585062,16585075,1677896136068,true
7057148,0.2124000,6611,16585076,16585081,1677896136068,true
7057149,0.2125000,2860,16585082,16585083,1677896160114,false
7057150,0.2126000,583,16585084,16585084,1677896163276,false
7057151,0.2126000,1234,16585085,16585085,1677896164915,false
7057152,0.2125000,153,16585086,16585087,1677896183228,true
7057153,0.2126000,1964,16585088,16585090,1677896225347,true
7057154,0.2126000,2007,16585091,16585091,1677896226493,false
7057155,0.2126000,4553,16585092,16585097,1677896227018,false
7057156,0.2125000,680,16585098,16585099,1677896283920,true
7057157,0.2125000,9782,16585100,16585106,1677896302105,true
7057158,0.2125000,808,16585107,16585108,1677896388792,false
7057159,0.2125000,539,16585109,16585110,1677896406943,false
7057160,0.2124000,12731,16585111,16585121,1677896421993,true
7057161,0.2125000,926,16585122,16585123,1677896421999,false
7057162,0.2124000,414,16585124,16585124,1677896422003,true
7057163,0.2125000,688,16585125,16585126,1677896422620,false
7057164,0.2124000,151,16585127,16585127,1677896424062,true
7057165,0.2124000,150,16585128,16585128,1677896428152,true
7057166,0.2124000,150,16585129,16585129,1677896438067,true
7057167,0.2124000,2354,16585130,16585132,1677896459441,true
7057168,0.2124000,125,16585133,16585133,1677896460091,true
7057169,0.2124000,2475,16585134,16585137,1677896461014,true
7057170,0.2123000,235,16585138,16585138,1677896461028,true
7057171,0.2123000,586,16585139,16585141,1677896462674,true
7057172,0.2123000,586,16585142,16585145,1677896463018,true
7057173,0.2123000,568,16585146,16585148,1677896463611,true
7057174,0.2124000,24,16585149,16585149,1677896463826,false
7057175,0.2124000,24,16585150,16585150,1677896464287,false
7057176,0.2124000,39,16585151,16585151,1677896469214,false
7057177,0.2123000,20585,16585152,16585162,1677896473315,true
7057178,0.2122000,16034,16585163,16585169,1677896473315,true
7057179,0.2121000,35137,16585170,16585181,1677896473315,true
7057180,0.2120000,44808,16585182,16585198,1677896473315,true
7057181,0.2119000,6890,16585199,16585205,1677896473327,true
7057182,0.2120000,500,16585206,16585206,1677896473343,false
7057183,0.2119000,143,16585207,16585207,1677896473345,true
7057184,0.2120000,2063,16585208,16585210,1677896473351,false
7057185,0.2119000,92,16585211,16585211,1677896473370,true
7057186,0.2120000,4467,16585212,16585216,1677896473374,false
7057187,0.2121000,61,16585217,16585217,1677896475907,false
7057188,0.2120000,1543,16585218,16585221,1677896476083,true
7057189,0.2121000,102,16585222,16585223,1677896477382,false
7057190,0.2121000,24,16585224,16585224,1677896487959,false
7057191,0.2121000,31,16585225,16585225,1677896489571,false
7057192,0.2122000,40,16585226,16585226,1677896493395,false
7057193,0.2121000,598,16585227,16585228,1677896523216,true
7057194,0.2121000,1449,16585229,16585232,1677896524541,true
7057195,0.2121000,51,16585233,16585233,1677896546124,true
7057196,0.2121000,5637,16585234,16585237,1677896563469,true
7057197,0.2120000,29075,16585238,16585251,1677896563469,true
7057198,0.2119000,25461,16585252,16585261,1677896563469,true
7057199,0.2118000,4500,16585262,16585268,1677896563469,true
7057200,0.2117000,31950,16585269,16585275,1677896563469,true
7057201,0.2118000,200,16585276,16585276,1677896563672,false
7057202,0.2117000,17449,16585277,16585288,1677896565141,true
7057203,0.2116000,5372,16585289,16585296,1677896565141,true
7057204,0.2115000,9432,16585297,16585302,1677896565141,true
7057205,0.2114000,10326,16585303,16585310,1677896565141,true
7057206,0.2113000,4652,16585311,16585314,1677896565142,true
7057207,0.2116000,718,16585315,16585315,1677896565158,true
7057208,0.2115000,429,16585316,16585316,1677896565905,false
7057209,0.2115000,291,16585317,16585317,1677896566083,true
7057210,0.2116000,2346,16585318,16585321,1677896576919,false
7057211,0.2116000,2042,16585322,16585323,1677896577254,true
7057212,0.2117000,2293,16585324,16585326,1677896582070,false
7057213,0.2118000,3350,16585327,16585328,1677896582633,false
7057214,0.2119000,710,16585329,16585330,1677896582633,false
7057215,0.2119000,4066,16585331,16585332,1677896583101,false
7057216,0.2119000,1415,16585333,16585333,1677896584528,false
7057217,0.2120000,470,16585334,16585334,1677896584593,false
7057218,0.2121000,4083,16585335,16585336,1677896584593,false
7057219,0.2121000,66,16585337,16585337,1677896585154,false
7057220,0.2121000,2996,16585338,16585339,1677896594875,false
7057221,0.2122000,6475,16585340,16585344,1677896594884,false
7057222,0.2123000,363,16585345,16585346,1677896611051,false
7057223,0.2122000,960,16585347,16585348,1677896642792,true
7057224,0.2123000,1073,16585349,16585350,1677896643258,false
7057225,0.2124000,1332,16585351,16585352,1677896643520,false
7057226,0.2124000,2889,16585353,16585358,1677896677927,false
7057227,0.2125000,41469,16585359,16585375,1677896677927,false
7057228,0.2126000,9495,16585376,16585380,1677896677928,false
7057229,0.2125000,168,16585381,16585381,1677896678081,true
7057230,0.2125000,19068,16585382,16585393,1677896681362,true
7057231,0.2124000,4662,16585394,16585397,1677896696631,false
7057232,0.2124000,1574,16585398,16585399,1677896701893,false
7057233,0.2125000,1366,16585400,16585401,1677896701893,false
7057234,0.2125000,662,16585402,16585403,1677896702669,false
7057235,0.2124000,642,16585404,16585405,1677896702732,true
7057236,0.2125000,2576,16585406,16585408,1677896704278,false
7057237,0.2124000,70,16585409,16585409,1677896705857,true
7057238,0.2124000,893,16585410,16585410,1677896720124,true
7057239,0.2125000,422,16585411,16585411,1677896722856,false
7057240,0.2124000,1033,16585412,16585413,1677896724048,true
7057241,0.2124000,1035,16585414,16585414,1677896728096,true
7057242,0.2124000,1032,16585415,16585418,1677896730107,true
7057243,0.2124000,869,16585419,16585420,1677896738056,true
7057244,0.2124000,340,16585421,16585421,1677896742100,true
7057245,0.2124000,4626,16585422,16585429,1677896743786,true
7057246,0.2124000,32,16585430,16585430,1677896746156,false
7057247,0.2123000,470,16585431,16585431,1677896749467,true
7057248,0.2123000,516,16585432,16585432,1677896762109,true
7057249,0.2124000,611,16585433,16585433,1677896762735,false
7057250,0.2124000,1592,16585434,16585434,1677896763546,false
7057251,0.2124000,11524,16585435,16585442,1677896817631,false
7057252,0.2125000,17422,16585443,16585451,1677896817631,false
7057253,0.2126000,14214,16585452,16585458,1677896817631,false
7057254,0.2126000,3001,16585459,16585462,1677896817793,true
7057255,0.2125000,89,16585463,16585463,1677896818033,true
7057256,0.2125000,89,16585464,16585464,1677896820101,true
7057257,0.2125000,834,16585465,16585467,1677896822575,true
7057258,0.2125000,940,16585468,16585468,1677896822813,true
7057259,0.2125000,4392,16585469,16585475,1677896822922,true
7057260,0.2124000,8980,16585476,16585485,1677896822948,true
7057261,0.2123000,481,16585486,16585486,1677896882075,true
7057262,0.2123000,905,16585487,16585487,1677896883025,true
7057263,0.2124000,9958,16585488,16585502,1677896900137,false
7057264,0.2124000,37,16585503,16585503,1677896904096,true
7057265,0.2124000,37,16585504,16585504,1677896918123,true
7057266,0.2124000,37,16585505,16585505,1677896922073,true
7057267,0.2124000,37,16585506,16585506,1677896930107,true
7057268,0.2124000,3820,16585507,16585511,1677896932186,true
7057269,0.2123000,48791,16585512,16585525,1677896932186,true
7057270,0.2123000,737,16585526,16585526,1677896942776,true
7057271,0.2123000,423,16585527,16585527,1677896955954,true
7057272,0.2124000,4808,16585528,16585535,1677896971801,false
7057273,0.2125000,6279,16585536,16585538,1677896992179,false
7057274,0.2125000,86,16585539,16585539,1677896994040,true
7057275,0.2125000,34,16585540,16585540,1677896998095,true
7057276,0.2125000,34,16585541,16585541,1677897000054,true
7057277,0.2126000,772,16585542,16585543,1677897002767,false
7057278,0.2125000,775,16585544,16585545,1677897002806,true
7057279,0.2125000,772,16585546,16585546,1677897003045,true
7057280,0.2125000,754,16585547,16585547,1677897003560,true
7057281,0.2125000,1074,16585548,16585548,1677897003708,true
7057282,0.2125000,86,16585549,16585549,1677897008041,true
7057283,0.2125000,87,16585550,16585550,1677897012131,true
7057284,0.2126000,910,16585551,16585553,1677897012189,false
7057285,0.2125000,4282,16585554,16585560,1677897021163,true
7057286,0.2125000,14835,16585561,16585572,1677897021486,false
7057287,0.2126000,13915,16585573,16585581,1677897021486,false
7057288,0.2126000,19568,16585582,16585598,1677897021498,true
7057289,0.2126000,501,16585599,16585599,1677897039030,true
7057290,0.2125000,402,16585600,16585600,1677897052346,true
7057291,0.2125000,521,16585601,16585602,1677897062078,true
7057292,0.2125000,28,16585603,16585603,1677897085582,true
7057293,0.2126000,1212,16585604,16585605,1677897105597,false
7057294,0.2126000,857,16585606,16585607,1677897123771,true
7057295,0.2126000,2844,16585608,16585610,1677897132273,true
7057296,0.2125000,1355,16585611,16585611,1677897166125,true
7057297,0.2126000,402,16585612,16585612,1677897174318,false
7057298,0.2125000,529,16585613,16585614,1677897182913,true
7057299,0.2125000,529,16585615,16585615,1677897183441,true
7057300,0.2125000,790,16585616,16585617,1677897183954,true
7057301,0.2126000,9751,16585618,16585627,1677897192868,false
7057302,0.2126000,7048,16585628,16585634,1677897197912,true
7057303,0.2125000,6882,16585635,16585646,1677897197913,true
7057304,0.2124000,28,16585647,16585647,1677897197922,true
7057305,0.2125000,7981,16585648,16585655,1677897197963,false
7057306,0.2124000,3011,16585656,16585660,1677897198037,true
7057307,0.2124000,500,16585661,16585661,1677897208641,false
7057308,0.2125000,1221,16585662,16585662,1677897242679,false
7057309,0.2125000,1221,16585663,16585664,1677897243215,false
7057310,0.2126000,1409,16585665,16585666,1677897277940,false
7057311,0.2126000,940,16585667,16585667,1677897295948,false
7057312,0.2126000,940,16585668,16585669,1677897296185,false
7057313,0.2125000,994,16585670,16585672,1677897302131,true
7057314,0.2125000,1470,16585673,16585677,1677897304354,true
7057315,0.2125000,660,16585678,16585678,1677897320947,true
7057316,0.2125000,2345,16585679,16585683,1677897341300,true
7057317,0.2125000,596,16585684,16585684,1677897341421,true
7057318,0.2124000,1476,16585685,16585688,1677897341713,false
