agg_trade_id,price,quantity,first_trade_id,last_trade_id,transact_time,is_buyer_maker
7085008,0.2000000,655,16667087,16667088,1677974404785,true
7085009,0.1999000,4418,16667089,16667092,1677974404785,true
7085010,0.1998000,17211,16667093,16667107,1677974404785,true
7085011,0.2000000,2235,16667108,16667108,1677974406005,true
7085012,0.2000000,447,16667109,16667109,1677974406896,true
7085013,0.1998000,537,16667110,16667110,1677974406896,true
7085014,0.1998000,3971,16667111,16667113,1677974407199,true
7085015,0.1999000,1386,16667114,16667115,1677974407242,false
7085016,0.2000000,462,16667116,16667116,1677974407242,false
7085017,0.1998000,3733,16667117,16667121,1677974407309,true
7085018,0.1999000,500,16667122,16667122,1677974407392,false
7085019,0.2000000,5463,16667123,16667128,1677974407392,false
7085020,0.1998000,773,16667129,16667129,1677974407681,true
7085021,0.1998000,646,16667130,16667131,1677974407782,true
7085022,0.1997000,717,16667132,16667132,1677974407782,true
7085023,0.1998000,500,16667133,16667133,1677974407789,false
7085024,0.1999000,27,16667134,16667134,1677974407789,false
7085025,0.1997000,2248,16667135,16667137,1677974407906,true
7085026,0.1998000,614,16667138,16667139,1677974408142,false
7085027,0.1997000,1543,16667140,16667141,1677974409240,true
7085028,0.1998000,543,16667142,16667143,1677974409928,false
7085029,0.1998000,3978,16667144,16667144,1677974410613,false
7085030,0.1998000,1124,16667145,16667148,1677974410777,false
7085031,0.1998000,1410,16667149,16667151,1677974412253,false
7085032,0.1998000,517,16667152,16667153,1677974412808,false
7085033,0.1998000,742,16667154,16667154,1677974414643,false
7085034,0.1997000,795,16667155,16667157,1677974414735,true
7085035,0.1998000,5830,16667158,16667159,1677974415729,false
7085036,0.1998000,191,16667160,16667160,1677974418302,true
7085037,0.1999000,1119,16667161,16667161,1677974418378,false
7085038,0.1998000,88,16667162,16667162,1677974418489,true
7085039,0.1998000,391,16667163,16667164,1677974419515,true
7085040,0.1999000,5677,16667165,16667168,1677974419636,false
7085041,0.2000000,595,16667169,16667170,1677974419955,false
7085042,0.2001000,11815,16667171,16667180,1677974419955,false
7085043,0.2002000,6076,16667181,16667186,1677974419956,false
7085044,0.2003000,1811,16667187,16667192,1677974419956,false
7085045,0.2002000,1959,16667193,16667196,1677974420014,true
7085046,0.2002000,1550,16667197,16667200,1677974420391,true
7085047,0.2001000,40,16667201,16667201,1677974422812,true
7085048,0.2001000,1161,16667202,16667203,1677974426295,true
7085049,0.2001000,186,16667204,16667204,1677974426412,true
7085050,0.2001000,88,16667205,16667205,1677974428662,true
7085051,0.2001000,2928,16667206,16667206,1677974430050,true
7085052,0.2001000,519,16667207,16667207,1677974432180,true
7085053,0.2001000,233,16667208,16667208,1677974433494,true
7085054,0.2002000,3012,16667209,16667209,1677974433623,false
7085055,0.2001000,722,16667210,16667210,1677974433641,true
7085056,0.2001000,186,16667211,16667211,1677974434647,true
7085057,0.2002000,1167,16667212,16667214,1677974435694,false
7085058,0.2001000,526,16667215,16667215,1677974437501,true
7085059,0.2001000,233,16667216,16667217,1677974441599,true
7085060,0.2001000,993,16667218,16667220,1677974442754,true
7085061,0.2001000,1554,16667221,16667222,1677974446352,true
7085062,0.2001000,767,16667223,16667223,1677974446867,true
7085063,0.2001000,2008,16667224,16667224,1677974449468,true
7085064,0.2001000,1265,16667225,16667225,1677974450557,true
7085065,0.2002000,16119,16667226,16667239,1677974451437,false
7085066,0.2003000,4246,16667240,16667243,1677974451458,false
7085067,0.2004000,14719,16667244,16667252,1677974451458,false
7085068,0.2005000,8184,16667253,16667260,1677974451458,false
7085069,0.2006000,21046,16667261,16667270,1677974451458,false
7085070,0.2007000,7730,16667271,16667273,1677974451459,false
7085071,0.2003000,32,16667274,16667274,1677974451459,true
7085072,0.2007000,4999,16667275,16667275,1677974451476,false
7085073,0.2008000,6428,16667276,16667286,1677974451476,false
7085074,0.2007000,3475,16667287,16667293,1677974451500,true
7085075,0.2006000,1017,16667294,16667296,1677974451503,true
7085076,0.2008000,1817,16667297,16667298,1677974451507,false
7085077,0.2007000,3834,16667299,16667302,1677974451512,true
7085078,0.2006000,784,16667303,16667303,1677974451514,true
7085079,0.2007000,1494,16667304,16667304,1677974451521,true
7085080,0.2006000,1136,16667305,16667306,1677974451521,true
7085081,0.2006000,3746,16667307,16667311,1677974451560,false
7085082,0.2007000,1351,16667312,16667315,1677974451563,false
7085083,0.2006000,50,16667316,16667316,1677974451615,true
7085084,0.2007000,1137,16667317,16667317,1677974451661,false
7085085,0.2008000,7459,16667318,16667332,1677974452111,true
7085086,0.2007000,6527,16667333,16667341,1677974452571,true
7085087,0.2007000,391,16667342,16667342,1677974453103,false
7085088,0.2007000,978,16667343,16667344,1677974453545,false
7085089,0.2006000,186,16667345,16667345,1677974453849,true
7085090,0.2006000,233,16667346,16667347,1677974455771,true
7085091,0.2006000,97,16667348,16667348,1677974456092,true
7085092,0.2006000,88,16667349,16667349,1677974457008,true
7085093,0.2007000,6897,16667350,16667355,1677974458549,false
7085094,0.2006000,1219,16667356,16667356,1677974458557,true
7085095,0.2007000,2875,16667357,16667359,1677974458558,false
7085096,0.2008000,500,16667360,16667360,1677974458612,false
7085097,0.2008000,1752,16667361,16667362,1677974458649,true
7085098,0.2009000,5545,16667363,16667374,1677974461557,false
7085099,0.2010000,1494,16667375,16667384,1677974461567,false
7085100,0.2009000,3500,16667385,16667393,1677974461575,true
7085101,0.2010000,1496,16667394,16667396,1677974461658,false
7085102,0.2009000,233,16667397,16667397,1677974462879,true
7085103,0.2009000,637,16667398,16667398,1677974464651,true
7085104,0.2009000,186,16667399,16667399,1677974466942,true
7085105,0.2009000,217,16667400,16667401,1677974467272,true
7085106,0.2009000,97,16667402,16667402,1677974469256,true
7085107,0.2010000,7011,16667403,16667409,1677974469311,false
7085108,0.2010000,1502,16667410,16667411,1677974469370,true
7085109,0.2010000,353,16667412,16667412,1677974470319,true
7085110,0.2011000,1198,16667413,16667416,1677974471345,false
7085111,0.2010000,588,16667417,16667417,1677974473146,true
7085112,0.2011000,10428,16667418,16667427,1677974474700,false
7085113,0.2011000,186,16667428,16667428,1677974475401,true
7085114,0.2012000,1593,16667429,16667433,1677974475760,false
7085115,0.2011000,233,16667434,16667434,1677974475994,true
7085116,0.2011000,1112,16667435,16667435,1677974476592,true
7085117,0.2011000,19637,16667436,16667446,1677974476902,true
7085118,0.2012000,773,16667447,16667448,1677974477596,false
7085119,0.2011000,700,16667449,16667449,1677974479841,true
7085120,0.2011000,1077,16667450,16667451,1677974480762,true
7085121,0.2011000,626,16667452,16667452,1677974481716,true
7085122,0.2011000,97,16667453,16667453,1677974482381,true
7085123,0.2011000,3606,16667454,16667457,1677974484927,true
7085124,0.2010000,692,16667458,16667458,1677974485861,true
7085125,0.2010000,594,16667459,16667460,1677974486323,true
7085126,0.2010000,2270,16667461,16667463,1677974490977,true
7085127,0.2011000,2948,16667464,16667467,1677974490990,false
7085128,0.2011000,1605,16667468,16667468,1677974491472,false
7085129,0.2010000,1889,16667469,16667469,1677974491562,true
7085130,0.2011000,2615,16667470,16667473,1677974491981,false
7085131,0.2010000,612,16667474,16667474,1677974492513,true
7085132,0.2011000,4004,16667475,16667476,1677974493270,false
7085133,0.2010000,524,16667477,16667479,1677974493536,true
7085134,0.2010000,530,16667480,16667480,1677974494930,true
7085135,0.2010000,97,16667481,16667481,1677974495648,true
7085136,0.2011000,2321,16667482,16667485,1677974499512,false
7085137,0.2011000,11824,16667486,16667492,1677974500199,true
7085138,0.2011000,7755,16667493,16667496,1677974501034,true
7085139,0.2012000,6064,16667497,16667501,1677974501613,false
7085140,0.2012000,7909,16667502,16667509,1677974503084,false
7085141,0.2012000,83,16667510,16667510,1677974503268,true
7085142,0.2013000,656,16667511,16667512,1677974505564,false
7085143,0.2012000,16561,16667513,16667525,1677974505564,true
7085144,0.2012000,1691,16667526,16667528,1677974508820,false
7085145,0.2013000,4246,16667529,16667534,1677974508820,false
7085146,0.2012000,6830,16667535,16667539,1677974509696,true
7085147,0.2011000,8565,16667540,16667543,1677974509696,true
7085148,0.2012000,2660,16667544,16667547,1677974513511,false
7085149,0.2012000,3940,16667548,16667551,1677974515896,false
7085150,0.2012000,56,16667552,16667552,1677974517082,true
7085151,0.2013000,5375,16667553,16667558,1677974518462,false
7085152,0.2012000,580,16667559,16667559,1677974518626,true
7085153,0.2013000,550,16667560,16667560,1677974519502,false
7085154,0.2012000,97,16667561,16667562,1677974520929,true
7085155,0.2012000,511,16667563,16667564,1677974522636,true
7085156,0.2012000,1023,16667565,16667566,1677974523074,true
7085157,0.2012000,12580,16667567,16667572,1677974523249,true
7085158,0.2012000,80,16667573,16667573,1677974525738,false
7085159,0.2011000,932,16667574,16667574,1677974525794,true
7085160,0.2011000,252,16667575,16667575,1677974527559,true
7085161,0.2012000,1946,16667576,16667579,1677974527604,false
7085162,0.2011000,2263,16667580,16667583,1677974529627,true
7085163,0.2011000,50,16667584,16667584,1677974530246,true
7085164,0.2011000,2414,16667585,16667587,1677974531375,true
7085165,0.2011000,97,16667588,16667588,1677974532068,true
7085166,0.2012000,25,16667589,16667589,1677974534819,false
7085167,0.2012000,1923,16667590,16667591,1677974541865,false
7085168,0.2011000,50,16667592,16667592,1677974544415,true
7085169,0.2012000,5197,16667593,16667597,1677974544490,false
7085170,0.2012000,49,16667598,16667598,1677974546184,false
7085171,0.2011000,10133,16667599,16667605,1677974549103,true
7085172,0.2010000,3994,16667606,16667609,1677974549103,true
7085173,0.2011000,50,16667610,16667610,1677974551927,false
7085174,0.2011000,881,16667611,16667612,1677974553388,false
7085175,0.2010000,50,16667613,16667613,1677974558652,true
7085176,0.2011000,497,16667614,16667614,1677974559221,false
7085177,0.2010000,575,16667615,16667616,1677974559698,true
7085178,0.2011000,4784,16667617,16667621,1677974568401,false
7085179,0.2011000,1513,16667622,16667623,1677974568607,false
7085180,0.2010000,50,16667624,16667624,1677974571762,true
7085181,0.2010000,37,16667625,16667625,1677974572367,true
7085182,0.2010000,882,16667626,16667628,1677974580151,true
7085183,0.2010000,7111,16667629,16667634,1677974580769,true
7085184,0.2011000,642,16667635,16667635,1677974581498,false
7085185,0.2011000,22522,16667636,16667646,1677974582486,false
7085186,0.2012000,2611,16667647,16667648,1677974582504,false
7085187,0.2011000,820,16667649,16667650,1677974582835,true
7085188,0.2011000,50,16667651,16667651,1677974582950,true
7085189,0.2011000,821,16667652,16667652,1677974583392,true
7085190,0.2012000,2712,16667653,16667654,1677974585269,false
7085191,0.2011000,756,16667655,16667655,1677974585270,true
7085192,0.2012000,1731,16667656,16667658,1677974590924,false
7085193,0.2012000,1220,16667659,16667661,1677974591702,true
7085194,0.2013000,5364,16667662,16667666,1677974592678,false
7085195,0.2014000,1727,16667667,16667671,1677974595459,false
7085196,0.2014000,571,16667672,16667672,1677974595585,false
7085197,0.2014000,12636,16667673,16667689,1677974595680,true
7085198,0.2014000,1344,16667690,16667691,1677974595799,true
7085199,0.2015000,2498,16667692,16667702,1677974597467,false
7085200,0.2015000,827,16667703,16667703,1677974598615,false
7085201,0.2015000,8933,16667704,16667708,1677974599643,false
7085202,0.2016000,2411,16667709,16667714,1677974599787,false
7085203,0.2017000,986,16667715,16667716,1677974600514,false
7085204,0.2017000,353,16667717,16667717,1677974602096,false
7085205,0.2016000,493,16667718,16667718,1677974602096,true
7085206,0.2016000,15222,16667719,16667727,1677974605153,true
7085207,0.2016000,29,16667728,16667728,1677974606213,false
7085208,0.2016000,2327,16667729,16667729,1677974606558,false
7085209,0.2015000,1456,16667730,16667730,1677974606725,true
7085210,0.2016000,1900,16667731,16667732,1677974609984,false
7085211,0.2016000,1800,16667733,16667734,1677974610564,false
7085212,0.2015000,3589,16667735,16667737,1677974611504,true
7085213,0.2014000,4166,16667738,16667741,1677974611504,true
7085214,0.2015000,809,16667742,16667743,1677974611564,false
7085215,0.2015000,14676,16667744,16667753,1677974613405,false
7085216,0.2016000,873,16667754,16667756,1677974613950,false
7085217,0.2016000,37,16667757,16667757,1677974616575,false
7085218,0.2015000,1560,16667758,16667758,1677974618266,true
7085219,0.2016000,665,16667759,16667759,1677974618595,false
7085220,0.2015000,519,16667760,16667760,1677974619659,true
7085221,0.2016000,1190,16667761,16667761,1677974622143,false
7085222,0.2015000,1103,16667762,16667762,1677974623729,true
7085223,0.2015000,926,16667763,16667763,1677974624929,true
7085224,0.2014000,2080,16667764,16667766,1677974624929,true
7085225,0.2015000,2155,16667767,16667768,1677974629991,false
7085226,0.2015000,2102,16667769,16667770,1677974633510,false
7085227,0.2015000,11565,16667771,16667776,1677974634620,false
7085228,0.2017000,368,16667777,16667777,1677974635100,false
7085229,0.2017000,368,16667778,16667778,1677974635300,false
7085230,0.2017000,368,16667779,16667779,1677974635497,false
7085231,0.2017000,68,16667780,16667780,1677974636737,false
7085232,0.2017000,1381,16667781,16667786,1677974639880,false
7085233,0.2017000,3931,16667787,16667791,1677974640753,false
7085234,0.2018000,156,16667792,16667792,1677974640753,false
7085235,0.2017000,5077,16667793,16667797,1677974642774,true
7085236,0.2018000,33,16667798,16667798,1677974644575,false
7085237,0.2017000,44,16667799,16667799,1677974646613,true
7085238,0.2018000,2474,16667800,16667804,1677974650111,false
7085239,0.2018000,11201,16667805,16667812,1677974654729,false
7085240,0.2019000,742,16667813,16667815,1677974654935,false
7085241,0.2019000,51,16667816,16667816,1677974655054,true
7085242,0.2019000,4137,16667817,16667817,1677974663103,true
7085243,0.2020000,3286,16667818,16667824,1677974666809,false
7085244,0.2019000,55,16667825,16667825,1677974666809,true
7085245,0.2020000,1027,16667826,16667826,1677974668592,false
7085246,0.2019000,162,16667827,16667827,1677974669258,true
7085247,0.2019000,320,16667828,16667828,1677974671863,true
7085248,0.2019000,47,16667829,16667829,1677974674300,true
7085249,0.2020000,694,16667830,16667830,1677974676469,false
7085250,0.2020000,12750,16667831,16667838,1677974683381,false
7085251,0.2021000,4630,16667839,16667843,1677974683510,false
7085252,0.2022000,927,16667844,16667848,1677974683510,false
7085253,0.2022000,1258,16667849,16667852,1677974684105,false
7085254,0.2023000,5256,16667853,16667860,1677974684105,false
7085255,0.2023000,3482,16667861,16667862,1677974687327,false
7085256,0.2024000,3347,16667863,16667867,1677974687327,false
7085257,0.2024000,2829,16667868,16667869,1677974688333,false
7085258,0.2023000,45,16667870,16667870,1677974688559,true
7085259,0.2023000,1190,16667871,16667872,1677974689424,true
7085260,0.2023000,3553,16667873,16667874,1677974692082,true
7085261,0.2024000,1557,16667875,16667876,1677974692093,false
7085262,0.2023000,309,16667877,16667877,1677974692101,true
7085263,0.2024000,2770,16667878,16667880,1677974692530,false
7085264,0.2024000,320,16667881,16667881,1677974693103,false
7085265,0.2024000,335,16667882,16667882,1677974699106,false
7085266,0.2023000,12642,16667883,16667889,1677974700680,true
7085267,0.2022000,10974,16667890,16667900,1677974700790,true
7085268,0.2021000,3015,16667901,16667904,1677974701133,true
7085269,0.2021000,1818,16667905,16667906,1677974703638,true
7085270,0.2020000,191,16667907,16667907,1677974703638,true
7085271,0.2020000,327,16667908,16667908,1677974705518,true
7085272,0.2020000,631,16667909,16667909,1677974708203,true
7085273,0.2021000,2230,16667910,16667912,1677974709806,false
7085274,0.2020000,636,16667913,16667913,1677974710255,true
7085275,0.2020000,45,16667914,16667914,1677974711841,true
7085276,0.2021000,1844,16667915,16667916,1677974715101,false
7085277,0.2021000,135,16667917,16667917,1677974717713,false
7085278,0.2020000,27151,16667918,16667922,1677974719469,true
7085279,0.2019000,8494,16667923,16667930,1677974719469,true
7085280,0.2018000,256,16667931,16667931,1677974720227,true
7085281,0.2018000,1088,16667932,16667933,1677974721184,true
7085282,0.2017000,1442,16667934,16667936,1677974721184,true
7085283,0.2017000,4356,16667937,16667939,1677974722219,true
7085284,0.2017000,3640,16667940,16667940,1677974722824,true
7085285,0.2017000,45,16667941,16667941,1677974723012,true
7085286,0.2018000,2252,16667942,16667943,1677974731481,false
7085287,0.2017000,112,16667944,16667944,1677974731577,true
7085288,0.2017000,49570,16667945,16667953,1677974732936,true
7085289,0.2016000,9530,16667954,16667963,1677974732987,true
7085290,0.2015000,5758,16667964,16667972,1677974733080,true
7085291,0.2015000,45,16667973,16667973,1677974734183,true
7085292,0.2015000,248,16667974,16667974,1677974734370,true
7085293,0.2015000,248,16667975,16667975,1677974734493,true
7085294,0.2016000,721,16667976,16667977,1677974735666,false
7085295,0.2016000,1913,16667978,16667978,1677974736607,false
7085296,0.2015000,33,16667979,16667979,1677974736768,true
7085297,0.2015000,170,16667980,16667980,1677974736939,true
7085298,0.2014000,33,16667981,16667981,1677974736939,true
7085299,0.2014000,968,16667982,16667984,1677974737675,true
7085300,0.2013000,3036,16667985,16667987,1677974737675,true
7085301,0.2013000,407,16667988,16667989,1677974742069,true
7085302,0.2014000,25,16667990,16667990,1677974742673,false
7085303,0.2013000,45,16667991,16667991,1677974743341,true
7085304,0.2013000,589,16667992,16667992,1677974746997,true
7085305,0.2013000,2463,16667993,16667993,1677974749799,false
7085306,0.2012000,8470,16667994,16668001,1677974753750,true
7085307,0.2012000,921,16668002,16668002,1677974756883,false
7085308,0.2011000,2370,16668003,16668008,1677974762735,true
7085309,0.2010000,1173,16668009,16668013,1677974763652,true
7085310,0.2011000,682,16668014,16668014,1677974767254,false
7085311,0.2011000,1181,16668015,16668016,1677974771685,false
7085312,0.2010000,199,16668017,16668017,1677974779236,true
7085313,0.2010000,1094,16668018,16668019,1677974785845,true
7085314,0.2010000,100,16668020,16668020,1677974786407,true
7085315,0.2011000,3705,16668021,16668025,1677974792698,false
7085316,0.2011000,4000,16668026,16668030,1677974798101,false
7085317,0.2010000,5500,16668031,16668035,1677974799274,true
7085318,0.2010000,2484,16668036,16668037,1677974802693,false
7085319,0.2010000,56204,16668038,16668053,1677974803351,false
7085320,0.2011000,6742,16668054,16668063,1677974803375,false
7085321,0.2011000,1363,16668064,16668065,1677974814871,true
7085322,0.2011000,312,16668066,16668066,1677974818696,false
7085323,0.2011000,2964,16668067,16668068,1677974831517,false
7085324,0.2010000,1300,16668069,16668071,1677974845571,true
7085325,0.2010000,10177,16668072,16668078,1677974845883,true
7085326,0.2009000,496,16668079,16668080,1677974854984,true
7085327,0.2009000,11322,16668081,16668085,1677974858035,true
7085328,0.2008000,2416,16668086,16668086,1677974858348,true
7085329,0.2008000,3281,16668087,16668092,1677974876221,true
7085330,0.2007000,2677,16668093,16668094,1677974876348,true
7085331,0.2008000,1950,16668095,16668095,1677974876364,false
7085332,0.2008000,2502,16668096,16668098,1677974882786,false
7085333,0.2008000,929,16668099,16668100,1677974883194,false
7085334,0.2007000,91,16668101,16668101,1677974888108,true
7085335,0.2007000,2644,16668102,16668102,1677974898842,true
7085336,0.2008000,936,16668103,16668103,1677974898903,false
7085337,0.2007000,91,16668104,16668104,1677974900872,true
7085338,0.2007000,60,16668105,16668105,1677974901836,true
7085339,0.2008000,78,16668106,16668106,1677974904058,false
7085340,0.2007000,117,16668107,16668107,1677974904289,true
7085341,0.2008000,1804,16668108,16668110,1677974904685,false
7085342,0.2008000,79,16668111,16668112,1677974908113,false
7085343,0.2007000,30,16668113,16668113,1677974908374,true
7085344,0.2008000,77,16668114,16668114,1677974910082,false
7085345,0.2007000,60,16668115,16668115,1677974912032,true
7085346,0.2007000,91,16668116,16668116,1677974914982,true
7085347,0.2007000,1465,16668117,16668119,1677974915976,true
7085348,0.2007000,60,16668120,16668120,1677974920224,true
7085349,0.2008000,874,16668121,16668122,1677974921457,false
7085350,0.2007000,6220,16668123,16668129,1677974926145,true
7085351,0.2006000,60,16668130,16668131,1677974928391,true
7085352,0.2006000,87,16668132,16668133,1677974930604,true
7085353,0.2006000,91,16668134,16668134,1677974933402,true
7085354,0.2007000,82,16668135,16668135,1677974934019,false
7085355,0.2006000,60,16668136,16668136,1677974937645,true
7085356,0.2006000,50,16668137,16668137,1677974938077,true
7085357,0.2007000,82,16668138,16668138,1677974938089,false
7085358,0.2007000,81,16668139,16668139,1677974940051,false
7085359,0.2006000,181,16668140,16668141,1677974942577,true
7085360,0.2006000,856,16668142,16668143,1677974943393,true
7085361,0.2006000,60,16668144,16668144,1677974945828,true
7085362,0.2006000,5490,16668145,16668147,1677974946067,true
7085363,0.2005000,3794,16668148,16668153,1677974946068,true
7085364,0.2006000,5204,16668154,16668159,1677974947680,false
7085365,0.2006000,118,16668160,16668160,1677974948048,false
7085366,0.2006000,1595,16668161,16668161,1677974948290,false
7085367,0.2006000,205,16668162,16668162,1677974948577,false
7085368,0.2006000,28471,16668163,16668174,1677974951278,false
7085369,0.2006000,91,16668175,16668175,1677974951749,true
7085370,0.2006000,60,16668176,16668176,1677974952999,true
7085371,0.2006000,88,16668177,16668177,1677974954568,true
7085372,0.2007000,2012,16668178,16668182,1677974955349,false
7085373,0.2007000,103,16668183,16668183,1677974960860,true
7085374,0.2007000,201,16668184,16668184,1677974961198,true
7085375,0.2007000,82,16668185,16668185,1677974964752,true
7085376,0.2007000,9817,16668186,16668198,1677974967046,true
7085377,0.2007000,1134,16668199,16668200,1677974967157,true
7085378,0.2007000,60,16668201,16668201,1677974968065,false
7085379,0.2006000,50,16668202,16668202,1677974968533,true
7085380,0.2005000,3088,16668203,16668203,1677974968533,true
7085381,0.2006000,142,16668204,16668204,1677974970031,false
7085382,0.2005000,1371,16668205,16668206,1677974972385,true
7085383,0.2005000,100,16668207,16668207,1677974975064,true
7085384,0.2006000,744,16668208,16668209,1677974977371,false
7085385,0.2006000,60,16668210,16668211,1677974978055,false
7085386,0.2005000,82,16668212,16668212,1677974978936,true
7085387,0.2005000,100,16668213,16668213,1677974984235,true
7085388,0.2005000,1995,16668214,16668216,1677974987501,true
7085389,0.2005000,82,16668217,16668217,1677974991255,true
7085390,0.2005000,100,16668218,16668218,1677974991421,true
7085391,0.2006000,141,16668219,16668219,1677974994017,false
7085392,0.2006000,25,16668220,16668220,1677974997487,false
7085393,0.2006000,81,16668221,16668221,1677974998091,false
7085394,0.2005000,100,16668222,16668222,1677974998594,true
7085395,0.2005000,82,16668223,16668223,1677974999359,true
7085396,0.2005000,1988,16668224,16668225,1677975000342,true
7085397,0.2006000,732,16668226,16668226,1677975002574,false
7085398,0.2006000,733,16668227,16668229,1677975003160,false
7085399,0.2005000,636,16668230,16668230,1677975003760,true
7085400,0.2005000,650,16668231,16668231,1677975008401,true
7085401,0.2006000,551,16668232,16668232,1677975008403,false
7085402,0.2005000,100,16668233,16668233,1677975011779,true
7085403,0.2005000,82,16668234,16668234,1677975012487,true
7085404,0.2005000,330,16668235,16668235,1677975021291,true
7085405,0.2005000,1316,16668236,16668237,1677975021741,true
7085406,0.2005000,2195,16668238,16668239,1677975021953,true
7085407,0.2005000,82,16668240,16668240,1677975022609,true
7085408,0.2006000,58,16668241,16668241,1677975024096,false
7085409,0.2006000,57,16668242,16668242,1677975028040,false
7085410,0.2006000,59,16668243,16668243,1677975030130,false
7085411,0.2005000,54,16668244,16668244,1677975032094,true
7085412,0.2006000,1127,16668245,16668246,1677975033456,false
7085413,0.2005000,97,16668247,16668247,1677975035340,true
7085414,0.2006000,55,16668248,16668248,1677975038089,false
7085415,0.2005000,301,16668249,16668251,1677975046205,true
7085416,0.2005000,6434,16668252,16668259,1677975048593,true
7085417,0.2005000,82,16668260,16668260,1677975054078,false
7085418,0.2005000,1917,16668261,16668262,1677975057129,false
7085419,0.2005000,82,16668263,16668263,1677975058103,false
7085420,0.2004000,53,16668264,16668264,1677975058484,true
7085421,0.2004000,95,16668265,16668266,1677975059736,true
7085422,0.2005000,82,16668267,16668268,1677975060108,false
7085423,0.2004000,53,16668269,16668269,1677975067656,true
7085424,0.2005000,2220,16668270,16668271,1677975067714,false
7085425,0.2005000,82,16668272,16668272,1677975068099,false
7085426,0.2004000,95,16668273,16668273,1677975072845,true
7085427,0.2004000,53,16668274,16668274,1677975075844,true
7085428,0.2004000,95,16668275,16668275,1677975080967,true
7085429,0.2005000,58,16668276,16668276,1677975084118,false
7085430,0.2004000,53,16668277,16668277,1677975085001,true
7085431,0.2004000,11840,16668278,16668286,1677975085218,true
7085432,0.2003000,15948,16668287,16668299,1677975085218,true
7085433,0.2004000,367,16668300,16668300,1677975085514,false
7085434,0.2004000,139,16668301,16668301,1677975088067,false
7085435,0.2004000,139,16668302,16668302,1677975090040,false
7085436,0.2003000,95,16668303,16668303,1677975090093,true
7085437,0.2004000,2997,16668304,16668305,1677975091729,false
7085438,0.2003000,53,16668306,16668306,1677975093130,true
7085439,0.2003000,25,16668307,16668307,1677975097679,true
7085440,0.2004000,139,16668308,16668308,1677975098043,false
7085441,0.2003000,95,16668309,16668309,1677975104359,true
7085442,0.2004000,81,16668310,16668310,1677975114021,false
7085443,0.2003000,250,16668311,16668311,1677975114581,true
7085444,0.2003000,48,16668312,16668312,1677975119685,true
7085445,0.2004000,1036,16668313,16668314,1677975122135,false
7085446,0.2004000,775,16668315,16668315,1677975123373,false
7085447,0.2004000,836,16668316,16668318,1677975123701,false
7085448,0.2003000,46,16668319,16668319,1677975128839,true
7085449,0.2004000,72,16668320,16668320,1677975140108,false
7085450,0.2003000,46,16668321,16668321,1677975142017,true
7085451,0.2004000,52,16668322,16668322,1677975144051,false
7085452,0.2003000,25,16668323,16668324,1677975144280,true
7085453,0.2004000,52,16668325,16668325,1677975148093,false
7085454,0.2004000,52,16668326,16668326,1677975150066,false
7085455,0.2003000,46,16668327,16668327,1677975155207,true
7085456,0.2004000,52,16668328,16668328,1677975158052,false
7085457,0.2004000,1807,16668329,16668330,1677975160894,false
7085458,0.2003000,46,16668331,16668332,1677975163377,true
7085459,0.2004000,29,16668333,16668333,1677975165597,false
7085460,0.2003000,46,16668334,16668334,1677975177488,true
7085461,0.2003000,440,16668335,16668336,1677975178491,true
7085462,0.2004000,374,16668337,16668338,1677975178658,false
7085463,0.2003000,46,16668339,16668339,1677975185613,true
7085464,0.2004000,1184,16668340,16668340,1677975191232,false
7085465,0.2003000,7119,16668341,16668347,1677975195188,true
7085466,0.2002000,187,16668348,16668348,1677975200008,true
7085467,0.2003000,137,16668349,16668349,1677975200120,false
7085468,0.2003000,137,16668350,16668350,1677975204074,false
7085469,0.2003000,137,16668351,16668351,1677975208102,false
7085470,0.2003000,136,16668352,16668352,1677975210096,false
7085471,0.2003000,1893,16668353,16668356,1677975218055,false
7085472,0.2003000,1947,16668357,16668358,1677975228734,false
7085473,0.2003000,830,16668359,16668359,1677975232527,false
7085474,0.2003000,1028,16668360,16668360,1677975242524,false
7085475,0.2003000,54,16668361,16668361,1677975260110,false
7085476,0.2003000,2983,16668362,16668363,1677975264062,false
7085477,0.2003000,54,16668364,16668364,1677975268105,false
7085478,0.2003000,55,16668365,16668365,1677975270092,false
7085479,0.2003000,54,16668366,16668366,1677975278070,false
7085480,0.2002000,36,16668367,16668367,1677975288340,true
7085481,0.2002000,35,16668368,16668368,1677975297472,true
7085482,0.2003000,658,16668369,16668369,1677975303811,false
7085483,0.2002000,35,16668370,16668371,1677975310567,true
7085484,0.2003000,605,16668372,16668373,1677975311104,false
7085485,0.2003000,47,16668374,16668374,1677975320083,false
7085486,0.2002000,35,16668375,16668375,1677975320818,true
7085487,0.2002000,1493,16668376,16668379,1677975322529,true
7085488,0.2002000,531,16668380,16668381,1677975324078,true
7085489,0.2002000,35,16668382,16668382,1677975333003,true
7085490,0.2002000,35,16668383,16668383,1677975340192,true
7085491,0.2002000,35,16668384,16668385,1677975348363,true
7085492,0.2002000,1623,16668386,16668390,1677975350422,true
7085493,0.2001000,5464,16668391,16668398,1677975350430,true
7085494,0.2001000,178,16668399,16668399,1677975354104,false
7085495,0.2001000,177,16668400,16668400,1677975358040,false
7085496,0.2001000,178,16668401,16668401,1677975360187,false
7085497,0.2000000,29,16668402,16668402,1677975361756,true
7085498,0.2000000,2329,16668403,16668411,1677975365947,true
7085499,0.2001000,177,16668412,16668412,1677975368125,false
7085500,0.2001000,56,16668413,16668413,1677975372060,false
7085501,0.2001000,168,16668414,16668414,1677975380060,false
7085502,0.2001000,38,16668415,16668415,1677975384116,false
7085503,0.2001000,39,16668416,16668417,1677975388045,false
7085504,0.2001000,38,16668418,16668418,1677975390132,false
7085505,0.2000000,1574,16668419,16668420,1677975391950,true
7085506,0.1999000,3830,16668421,16668427,1677975395922,true
7085507,0.1998000,2599,16668428,16668432,1677975395939,true
7085508,0.1997000,364,16668433,16668434,1677975396113,true
7085509,0.1998000,284,16668435,16668435,1677975398107,false
7085510,0.1997000,126,16668436,16668436,1677975398791,true
7085511,0.1997000,1733,16668437,16668439,1677975401685,true
7085512,0.1998000,284,16668440,16668440,1677975402043,false
7085513,0.1997000,381,16668441,16668441,1677975408889,true
7085514,0.1998000,25210,16668442,16668460,1677975409925,false
7085515,0.1999000,736,16668461,16668462,1677975409951,false
7085516,0.1999000,163,16668463,16668463,1677975414077,false
7085517,0.1999000,163,16668464,16668464,1677975418127,false
7085518,0.1999000,163,16668465,16668465,1677975420095,false
7085519,0.1999000,3071,16668466,16668471,1677975421376,false
7085520,0.1999000,50,16668472,16668472,1677975430422,true
7085521,0.1999000,4636,16668473,16668480,1677975438649,true
7085522,0.1999000,33,16668481,16668481,1677975440141,false
7085523,0.1999000,33,16668482,16668482,1677975444059,false
7085524,0.1999000,33,16668483,16668483,1677975448115,false
7085525,0.1999000,33,16668484,16668484,1677975450073,false
7085526,0.1999000,45,16668485,16668485,1677975454121,false
7085527,0.1998000,2935,16668486,16668490,1677975470774,true
7085528,0.1998000,82,16668491,16668491,1677975474091,false
7085529,0.1998000,82,16668492,16668492,1677975478036,false
7085530,0.1998000,82,16668493,16668493,1677975480136,false
7085531,0.1998000,547,16668494,16668495,1677975482691,false
7085532,0.1998000,515,16668496,16668496,1677975482796,false
7085533,0.1998000,82,16668497,16668497,1677975484057,false
7085534,0.1997000,2557,16668498,16668504,1677975484577,true
7085535,0.1996000,6118,16668505,16668513,1677975484577,true
7085536,0.1996000,196,16668514,16668514,1677975488090,false
7085537,0.1996000,2329,16668515,16668518,1677975488412,false
7085538,0.1996000,196,16668519,16668519,1677975492031,false
7085539,0.1996000,275,16668520,16668520,1677975500018,false
7085540,0.1996000,194,16668521,16668521,1677975504104,false
7085541,0.1996000,194,16668522,16668522,1677975508021,false
7085542,0.1996000,194,16668523,16668523,1677975510168,false
7085543,0.1996000,194,16668524,16668524,1677975514062,false
7085544,0.1995000,4557,16668525,16668532,1677975535480,true
7085545,0.1994000,17108,16668533,16668544,1677975535480,true
7085546,0.1993000,1510,16668545,16668548,1677975535480,true
7085547,0.1995000,82,16668549,16668549,1677975538035,false
7085548,0.1995000,82,16668550,16668550,1677975540096,false
7085549,0.1995000,82,16668551,16668551,1677975544042,false
7085550,0.1995000,6620,16668552,16668560,1677975547389,false
7085551,0.1996000,4066,16668561,16668565,1677975547521,false
7085552,0.1995000,5531,16668566,16668574,1677975563148,true
7085553,0.1995000,560,16668575,16668575,1677975563311,true
7085554,0.1995000,93,16668576,16668576,1677975564100,false
7085555,0.1994000,4830,16668577,16668583,1677975565738,true
7085556,0.1993000,4454,16668584,16668585,1677975565738,true
7085557,0.1994000,93,16668586,16668586,1677975568047,false
7085558,0.1994000,93,16668587,16668587,1677975570111,false
7085559,0.1994000,93,16668588,16668588,1677975574051,false
7085560,0.1994000,1748,16668589,16668590,1677975576385,false
7085561,0.1994000,206,16668591,16668591,1677975578095,false
7085562,0.1994000,206,16668592,16668592,1677975582031,false
7085563,0.1994000,144,16668593,16668593,1677975586076,false
7085564,0.1994000,176,16668594,16668594,1677975590123,false
7085565,0.1994000,82,16668595,16668595,1677975594063,false
7085566,0.1994000,2720,16668596,16668598,1677975594977,false
7085567,0.1995000,2006,16668599,16668601,1677975601006,true
7085568,0.1996000,521,16668602,16668603,1677975602738,false
7085569,0.1996000,1265,16668604,16668605,1677975603214,false
7085570,0.1996000,4134,16668606,16668611,1677975604005,false
7085571,0.1997000,1127,16668612,16668613,1677975604197,false
7085572,0.1997000,558,16668614,16668615,1677975604826,true
7085573,0.1997000,5007,16668616,16668620,1677975606131,true
7085574,0.1997000,2262,16668621,16668624,1677975621994,true
7085575,0.1997000,9083,16668625,16668631,1677975632114,true
7085576,0.1996000,31389,16668632,16668645,1677975632114,true
7085577,0.1995000,9528,16668646,16668654,1677975632114,true
7085578,0.1996000,500,16668655,16668655,1677975632122,true
7085579,0.1995000,9296,16668656,16668662,1677975632122,true
7085580,0.1995000,2694,16668663,16668667,1677975632606,false
7085581,0.1996000,3211,16668668,16668671,1677975633445,false
7085582,0.1997000,701,16668672,16668673,1677975663878,false
7085583,0.1997000,7071,16668674,16668679,1677975666486,false
7085584,0.1997000,6583,16668680,16668689,1677975704346,true
7085585,0.1996000,251,16668690,16668690,1677975704368,true
7085586,0.1996000,1301,16668691,16668693,1677975720330,true
7085587,0.1995000,672,16668694,16668694,1677975780015,true
7085588,0.1994000,3216,16668695,16668698,1677975782321,true
7085589,0.1993000,50,16668699,16668699,1677975786231,true
7085590,0.1993000,1371,16668700,16668700,1677975786801,true
7085591,0.1993000,855,16668701,16668701,1677975787777,false
7085592,0.1992000,100,16668702,16668702,1677975790353,true
7085593,0.1992000,6829,16668703,16668710,1677975801254,true
7085594,0.1992000,1072,16668711,16668712,1677975801290,false
7085595,0.1992000,3556,16668713,16668718,1677975801757,false
7085596,0.1991000,950,16668719,16668723,1677975804136,true
7085597,0.1991000,4450,16668724,16668729,1677975810087,true
7085598,0.1991000,114,16668730,16668730,1677975812138,true
7085599,0.1990000,2041,16668731,16668734,1677975812138,true
7085600,0.1990000,2180,16668735,16668736,1677975814416,true
7085601,0.1990000,83,16668737,16668737,1677975814542,false
7085602,0.1989000,5020,16668738,16668745,1677975814875,true
7085603,0.1989000,100,16668746,16668746,1677975820783,false
7085604,0.1988000,7951,16668747,16668752,1677975824111,true
7085605,0.1987000,10936,16668753,16668762,1677975825247,true
7085606,0.1986000,10000,16668763,16668772,1677975825325,true
7085607,0.1985000,528,16668773,16668776,1677975827107,true
7085608,0.1986000,5386,16668777,16668781,1677975827194,false
7085609,0.1988000,9491,16668782,16668788,1677975836188,false
7085610,0.1990000,86,16668789,16668789,1677975852548,false
7085611,0.1990000,5007,16668790,16668793,1677975863315,false
7085612,0.1990000,85,16668794,16668794,1677975863614,false
7085613,0.1989000,8,16668795,16668795,1677975874236,true
7085614,0.1990000,246,16668796,16668796,1677975877475,false
7085615,0.1989000,2428,16668797,16668800,1677975886041,true
7085616,0.1989000,6637,16668801,16668809,1677975886170,true
7085617,0.1988000,201,16668810,16668810,1677975888551,true
7085618,0.1989000,1233,16668811,16668813,1677975903983,false
7085619,0.1990000,733,16668814,16668814,1677975904320,false
7085620,0.1990000,130,16668815,16668816,1677975909797,false
7085621,0.1990000,1635,16668817,16668819,1677975914903,false
7085622,0.1990000,4740,16668820,16668823,1677975916428,false
7085623,0.1991000,10335,16668824,16668832,1677975916428,false
7085624,0.1992000,512,16668833,16668833,1677975916506,false
7085625,0.1992000,30,16668834,16668834,1677975921975,false
7085626,0.1991000,1003,16668835,16668836,1677975922193,true
7085627,0.1991000,891,16668837,16668838,1677975922385,true
7085628,0.1992000,36,16668839,16668839,1677975937268,false
7085629,0.1992000,5020,16668840,16668846,1677975938559,false
7085630,0.1991000,11331,16668847,16668855,1677975940781,true
7085631,0.1990000,6208,16668856,16668868,1677975940786,true
7085632,0.1989000,249,16668869,16668869,1677975961910,true
7085633,0.1989000,249,16668870,16668870,1677975962110,true
7085634,0.1989000,249,16668871,16668871,1677975962311,true
7085635,0.1989000,249,16668872,16668873,1677975962510,true
7085636,0.1989000,4866,16668874,16668882,1677976009353,true
7085637,0.1988000,252,16668883,16668883,1677976009391,true
7085638,0.1988000,1635,16668884,16668886,1677976012381,true
7085639,0.1988000,2625,16668887,16668889,1677976012707,false
7085640,0.1987000,1256,16668890,16668890,1677976013734,true
7085641,0.1988000,270,16668891,16668891,1677976014119,false
7085642,0.1989000,4687,16668892,16668895,1677976014120,false
7085643,0.1989000,5117,16668896,16668899,1677976014843,false
7085644,0.1990000,543,16668900,16668900,1677976023210,false
7085645,0.1990000,10274,16668901,16668914,1677976028020,false
7085646,0.1990000,1849,16668915,16668916,1677976028240,false
7085647,0.1991000,3974,16668917,16668919,1677976049021,false
7085648,0.1991000,1166,16668920,16668921,1677976073151,false
7085649,0.1991000,1275,16668922,16668924,1677976088350,true
7085650,0.1990000,5345,16668925,16668929,1677976091597,true
7085651,0.1989000,1706,16668930,16668933,1677976098917,true
7085652,0.1989000,5737,16668934,16668939,1677976098944,false
7085653,0.1989000,2865,16668940,16668940,1677976105075,false
7085654,0.1989000,4174,16668941,16668943,1677976107356,false
7085655,0.1989000,500,16668944,16668944,1677976134140,true
7085656,0.1989000,4591,16668945,16668950,1677976142390,false
7085657,0.1990000,50,16668951,16668951,1677976190248,false
7085658,0.1990000,5253,16668952,16668958,1677976194432,false
7085659,0.1992000,36,16668959,16668959,1677976200402,false
7085660,0.1992000,78,16668960,16668961,1677976202513,false
7085661,0.1992000,1005,16668962,16668962,1677976202858,false
7085662,0.1992000,677,16668963,16668965,1677976204330,false
7085663,0.1992000,540,16668966,16668966,1677976210660,false
7085664,0.1992000,30,16668967,16668967,1677976216187,false
7085665,0.1991000,1388,16668968,16668970,1677976222046,true
7085666,0.1991000,761,16668971,16668971,1677976222460,true
7085667,0.1991000,4975,16668972,16668978,1677976222831,true
7085668,0.1990000,5724,16668979,16668982,1677976222831,true
7085669,0.1990000,310,16668983,16668983,1677976227058,true
7085670,0.1990000,5000,16668984,16668990,1677976233802,true
7085671,0.1989000,66,16668991,16668991,1677976261048,true
7085672,0.1989000,1498,16668992,16668997,1677976264001,true
7085673,0.1988000,60,16668998,16668998,1677976274225,true
7085674,0.1989000,6487,16668999,16669005,1677976279398,false
7085675,0.1989000,60,16669006,16669006,1677976282332,true
7085676,0.1989000,60,16669007,16669007,1677976296460,true
7085677,0.1989000,60,16669008,16669008,1677976306567,true
7085678,0.1989000,60,16669009,16669009,1677976320834,true
7085679,0.1990000,571,16669010,16669011,1677976322733,false
7085680,0.1990000,717,16669012,16669012,1677976323469,false
7085681,0.1989000,2429,16669013,16669015,1677976329966,true
7085682,0.1990000,3081,16669016,16669019,1677976330443,false
7085683,0.1990000,2804,16669020,16669022,1677976330554,false
7085684,0.1990000,60,16669023,16669023,1677976332077,true
7085685,0.1990000,1975,16669024,16669026,1677976345157,true
7085686,0.1991000,528,16669027,16669027,1677976382782,false
7085687,0.1991000,662,16669028,16669028,1677976383701,false
7085688,0.1991000,12965,16669029,16669036,1677976388602,false
7085689,0.1992000,2333,16669037,16669038,1677976388602,false
7085690,0.1992000,111,16669039,16669039,1677976391660,false
7085691,0.1991000,8885,16669040,16669047,1677976399604,true
7085692,0.1990000,6190,16669048,16669052,1677976399605,true
7085693,0.1990000,36,16669053,16669053,1677976440690,true
7085694,0.1990000,50,16669054,16669055,1677976440970,true
7085695,0.1990000,36,16669056,16669056,1677976443109,true
7085696,0.1991000,2983,16669057,16669060,1677976443312,false
7085697,0.1991000,623,16669061,16669061,1677976447438,false
7085698,0.1991000,45,16669062,16669062,1677976449175,true
7085699,0.1992000,11956,16669063,16669076,1677976451137,false
7085700,0.1993000,2294,16669077,16669080,1677976451733,false
7085701,0.1994000,440,16669081,16669081,1677976452227,false
7085702,0.1994000,4845,16669082,16669086,1677976452476,false
7085703,0.1994000,39,16669087,16669087,1677976452628,false
7085704,0.1995000,1956,16669088,16669092,1677976453067,false
7085705,0.1995000,751,16669093,16669093,1677976453224,false
7085706,0.1996000,556,16669094,16669096,1677976453995,false
7085707,0.1997000,2453,16669097,16669100,1677976454445,false
7085708,0.1997000,2567,16669101,16669104,1677976454480,true
7085709,0.1997000,500,16669105,16669105,1677976454544,false
7085710,0.1997000,1274,16669106,16669107,1677976456081,false
7085711,0.1998000,7764,16669108,16669116,1677976456081,false
7085712,0.1999000,6273,16669117,16669120,1677976456082,false
7085713,0.1997000,13843,16669121,16669132,1677976456128,true
7085714,0.1997000,2720,16669133,16669135,1677976459465,false
7085715,0.1998000,1839,16669136,16669137,1677976460107,true
7085716,0.1998000,972,16669138,16669141,1677976460218,true
7085717,0.1998000,838,16669142,16669143,1677976460498,true
7085718,0.1997000,8178,16669144,16669153,1677976461906,true
7085719,0.1997000,500,16669154,16669154,1677976462559,false
7085720,0.1998000,500,16669155,16669155,1677976463097,false
7085721,0.1999000,750,16669156,16669156,1677976463585,false
7085722,0.1999000,45,16669157,16669157,1677976463962,true
7085723,0.1999000,244,16669158,16669158,1677976464824,true
7085724,0.2000000,1000,16669159,16669163,1677976471802,false
7085725,0.1999000,286,16669164,16669164,1677976472360,true
7085726,0.1999000,45,16669165,16669165,1677976473630,true
7085727,0.1999000,1911,16669166,16669170,1677976475730,true
7085728,0.1999000,647,16669171,16669171,1677976476846,false
7085729,0.1999000,7552,16669172,16669176,1677976477139,true
7085730,0.1998000,16046,16669177,16669184,1677976477766,true
7085731,0.1998000,337,16669185,16669185,1677976480249,false
7085732,0.1998000,500,16669186,16669186,1677976482560,false
7085733,0.1998000,45,16669187,16669187,1677976482865,true
7085734,0.1999000,10954,16669188,16669191,1677976483112,false
7085735,0.1999000,45,16669192,16669192,1677976495588,true
7085736,0.1999000,2786,16669193,16669197,1677976499604,true
7085737,0.1999000,2913,16669198,16669204,1677976500118,true
7085738,0.1998000,100,16669205,16669205,1677976502630,false
7085739,0.1998000,669,16669206,16669207,1677976502815,false
7085740,0.1999000,669,16669208,16669208,1677976503360,false
7085741,0.2000000,1504,16669209,16669211,1677976504418,false
7085742,0.1999000,45,16669212,16669212,1677976504709,true
7085743,0.1999000,2339,16669213,16669217,1677976506639,true
7085744,0.1998000,661,16669218,16669219,1677976506640,true
7085745,0.1998000,405,16669220,16669220,1677976522214,true
7085746,0.1999000,1709,16669221,16669224,1677976522473,false
7085747,0.2000000,12973,16669225,16669231,1677976522473,false
7085748,0.2001000,14767,16669232,16669238,1677976522473,false
7085749,0.2002000,19189,16669239,16669251,1677976522473,false
7085750,0.2003000,12057,16669252,16669259,1677976522475,false
7085751,0.2004000,61,16669260,16669260,1677976522481,false
7085752,0.2002000,1565,16669261,16669263,1677976522484,false
7085753,0.2003000,6022,16669264,16669272,1677976522497,false
7085754,0.2003000,2576,16669273,16669276,1677976522715,false
7085755,0.2003000,500,16669277,16669277,1677976523103,false
7085756,0.2004000,998,16669278,16669280,1677976523103,false
7085757,0.2003000,627,16669281,16669282,1677976524075,true
7085758,0.2003000,7410,16669283,16669287,1677976524801,true
7085759,0.2003000,100,16669288,16669288,1677976527828,false
7085760,0.2002000,1325,16669289,16669290,1677976528208,true
7085761,0.2003000,68,16669291,16669291,1677976529733,false
7085762,0.2002000,247,16669292,16669292,1677976530121,true
7085763,0.2001000,707,16669293,16669293,1677976530121,true
7085764,0.2002000,3950,16669294,16669296,1677976530139,false
7085765,0.2003000,150,16669297,16669297,1677976531117,false
7085766,0.2003000,2326,16669298,16669299,1677976531721,false
7085767,0.2003000,3955,16669300,16669303,1677976537191,false
7085768,0.2003000,1318,16669304,16669305,1677976537294,false
7085769,0.2003000,545,16669306,16669306,1677976542776,false
7085770,0.2003000,138,16669307,16669307,1677976558097,true
7085771,0.2003000,163,16669308,16669308,1677976560068,true
7085772,0.2003000,105,16669309,16669309,1677976561744,true
7085773,0.2004000,811,16669310,16669311,1677976563428,false
7085774,0.2004000,577,16669312,16669312,1677976564009,false
7085775,0.2004000,650,16669313,16669314,1677976564302,false
7085776,0.2004000,1225,16669315,16669316,1677976571663,false
7085777,0.2003000,102,16669317,16669317,1677976571867,true
7085778,0.2004000,2425,16669318,16669321,1677976573259,false
7085779,0.2004000,296,16669322,16669322,1677976573430,true
7085780,0.2005000,3209,16669323,16669327,1677976573982,false
7085781,0.2005000,24,16669328,16669328,1677976574274,false
7085782,0.2006000,78,16669329,16669331,1677976577639,false
7085783,0.2006000,200,16669332,16669333,1677976578462,false
7085784,0.2006000,1493,16669334,16669337,1677976580357,false
7085785,0.2005000,185,16669338,16669338,1677976584059,true
7085786,0.2005000,102,16669339,16669339,1677976584527,true
7085787,0.2006000,78,16669340,16669340,1677976584838,false
7085788,0.2005000,185,16669341,16669341,1677976588127,true
7085789,0.2005000,185,16669342,16669343,1677976590104,true
7085790,0.2005000,2184,16669344,16669346,1677976590231,true
7085791,0.2004000,14938,16669347,16669356,1677976590406,true
7085792,0.2004000,1612,16669357,16669358,1677976594732,false
7085793,0.2004000,78,16669359,16669359,1677976597013,false
7085794,0.2003000,102,16669360,16669360,1677976597710,true
7085795,0.2003000,5102,16669361,16669369,1677976607882,true
7085796,0.2004000,628,16669370,16669370,1677976608186,false
7085797,0.2004000,78,16669371,16669371,1677976609203,false
7085798,0.2003000,67,16669372,16669372,1677976618340,false
7085799,0.2003000,78,16669373,16669373,1677976620393,false
7085800,0.2002000,102,16669374,16669374,1677976621044,true
7085801,0.2003000,159,16669375,16669375,1677976621620,false
7085802,0.2003000,381,16669376,16669377,1677976622248,false
7085803,0.2002000,1225,16669378,16669382,1677976622407,true
7085804,0.2002000,665,16669383,16669387,1677976627039,true
7085805,0.2001000,9654,16669388,16669398,1677976627111,true
7085806,0.2000000,1132,16669399,16669403,1677976628718,true
7085807,0.1999000,55,16669404,16669404,1677976628718,true
7085808,0.1999000,102,16669405,16669405,1677976629162,true
7085809,0.1999000,78,16669406,16669406,1677976631517,false
7085810,0.1998000,1816,16669407,16669410,1677976635251,true
7085811,0.1997000,1807,16669411,16669413,1677976635251,true
7085812,0.1997000,4777,16669414,16669420,1677976639996,true
7085813,0.1996000,243,16669421,16669421,1677976639996,true
7085814,0.1997000,2574,16669422,16669426,1677976640467,false
7085815,0.1998000,4900,16669427,16669430,1677976662360,false
7085816,0.1999000,101,16669431,16669431,1677976681059,false
7085817,0.1999000,97,16669432,16669432,1677976689238,false
7085818,0.1998000,583,16669433,16669435,1677976692678,true
7085819,0.1997000,9756,16669436,16669442,1677976692961,true
7085820,0.1997000,97,16669443,16669443,1677976703423,false
7085821,0.1997000,97,16669444,16669444,1677976714662,false
7085822,0.1997000,13307,16669445,16669453,1677976716370,false
7085823,0.1998000,4834,16669454,16669458,1677976716434,false
7085824,0.1999000,1523,16669459,16669462,1677976721905,false
7085825,0.2000000,6758,16669463,16669465,1677976723469,false
7085826,0.2001000,250,16669466,16669466,1677976726073,false
7085827,0.2001000,97,16669467,16669467,1677976728824,false
7085828,0.2001000,97,16669468,16669468,1677976742081,false
7085829,0.2000000,795,16669469,16669470,1677976743214,true
7085830,0.2000000,599,16669471,16669472,1677976743786,true
7085831,0.2000000,3670,16669473,16669478,1677976746829,true
7085832,0.2000000,10004,16669479,16669488,1677976749397,false
7085833,0.2000000,10744,16669489,16669496,1677976750921,true
7085834,0.2000000,97,16669497,16669497,1677976756306,false
7085835,0.2000000,4903,16669498,16669503,1677976772271,false
7085836,0.2000000,2500,16669504,16669506,1677976773960,true
7085837,0.2000000,42,16669507,16669507,1677976774466,true
7085838,0.2000000,8128,16669508,16669515,1677976776688,true
7085839,0.1999000,37,16669516,16669516,1677976784573,true
7085840,0.1999000,486,16669517,16669518,1677976789466,true
7085841,0.1999000,400,16669519,16669519,1677976794660,true
7085842,0.1999000,37,16669520,16669520,1677976795732,true
7085843,0.2000000,250,16669521,16669521,1677976796475,false
7085844,0.1999000,250,16669522,16669522,1677976801202,true
7085845,0.1999000,2403,16669523,16669530,1677976802937,true
7085846,0.1998000,496,16669531,16669531,1677976803215,true
7085847,0.1997000,61,16669532,16669532,1677976803215,true
7085848,0.1997000,1125,16669533,16669533,1677976804192,true
7085849,0.1997000,8632,16669534,16669539,1677976806455,false
7085850,0.1997000,1016,16669540,16669541,1677976806623,true
7085851,0.1997000,1097,16669542,16669543,1677976807812,true
7085852,0.1997000,37,16669544,16669544,1677976808901,true
7085853,0.1997000,75,16669545,16669545,1677976809897,true
7085854,0.1996000,75,16669546,16669546,1677976809897,true
7085855,0.1997000,4055,16669547,16669550,1677976812172,false
7085856,0.1998000,6987,16669551,16669557,1677976812172,false
7085857,0.1997000,622,16669558,16669559,1677976812741,true
7085858,0.1997000,200,16669560,16669560,1677976813499,true
7085859,0.1997000,64,16669561,16669562,1677976817128,true
7085860,0.1996000,580,16669563,16669563,1677976821874,true
7085861,0.1996000,824,16669564,16669567,1677976822131,true
7085862,0.1997000,4016,16669568,16669577,1677976827153,false
7085863,0.1998000,2451,16669578,16669580,1677976827359,false
7085864,0.1998000,2023,16669581,16669585,1677976827460,false
7085865,0.1998000,298,16669586,16669586,1677976827620,false
7085866,0.1998000,2157,16669587,16669589,1677976827767,false
7085867,0.1998000,37,16669590,16669590,1677976828279,true
7085868,0.1998000,289,16669591,16669591,1677976828392,true
7085869,0.1998000,69,16669592,16669592,1677976830053,true
7085870,0.1998000,290,16669593,16669593,1677976830373,true
7085871,0.1999000,122,16669594,16669594,1677976838350,true
7085872,0.1999000,37,16669595,16669595,1677976840042,true
7085873,0.1999000,64,16669596,16669598,1677976840720,true
7085874,0.1999000,588,16669599,16669599,1677976840848,true
7085875,0.1999000,117,16669600,16669600,1677976846325,false
7085876,0.1999000,59,16669601,16669602,1677976848009,false
7085877,0.1998000,953,16669603,16669604,1677976849297,true
7085878,0.1997000,64,16669605,16669605,1677976850097,true
7085879,0.1996000,126,16669606,16669607,1677976854038,true
7085880,0.1997000,55,16669608,16669608,1677976856127,false
7085881,0.1996000,752,16669609,16669611,1677976856266,true
7085882,0.1995000,64,16669612,16669612,1677976857254,true
7085883,0.1996000,115,16669613,16669613,1677976857485,false
7085884,0.1996000,558,16669614,16669614,1677976866811,false
7085885,0.1995000,64,16669615,16669616,1677976866936,true
7085886,0.1996000,55,16669617,16669617,1677976868252,false
7085887,0.1996000,1549,16669618,16669622,1677976868494,false
7085888,0.1996000,408,16669623,16669623,1677976868615,false
7085889,0.1997000,115,16669624,16669624,1677976871209,false
7085890,0.1996000,64,16669625,16669626,1677976874094,true
7085891,0.1996000,625,16669627,16669627,1677976876395,true
7085892,0.1996000,115,16669628,16669628,1677976880005,false
7085893,0.1996000,55,16669629,16669629,1677976882427,false
7085894,0.1995000,64,16669630,16669631,1677976884266,true
7085895,0.1995000,5209,16669632,16669641,1677976887962,true
7085896,0.1995000,2658,16669642,16669644,1677976888731,false
7085897,0.1995000,115,16669645,16669645,1677976893100,false
7085898,0.1995000,55,16669646,16669646,1677976895600,false
7085899,0.1994000,62,16669647,16669647,1677976895957,true
7085900,0.1994000,30,16669648,16669648,1677976901058,true
7085901,0.1995000,115,16669649,16669649,1677976905328,false
7085902,0.1994000,56,16669650,16669650,1677976906138,true
7085903,0.1995000,55,16669651,16669651,1677976909767,false
7085904,0.1995000,115,16669652,16669652,1677976912429,false
7085905,0.1995000,55,16669653,16669653,1677976917998,false
7085906,0.1994000,56,16669654,16669654,1677976918310,true
7085907,0.1995000,1482,16669655,16669656,1677976921498,false
7085908,0.1996000,86,16669657,16669657,1677976923452,true
7085909,0.1997000,122,16669658,16669658,1677976924521,false
7085910,0.1996000,56,16669659,16669659,1677976927631,true
7085911,0.1996000,1133,16669660,16669662,1677976932811,true
7085912,0.1996000,120,16669663,16669663,1677976933757,false
7085913,0.1995000,81,16669664,16669664,1677976934576,true
7085914,0.1995000,56,16669665,16669665,1677976940730,true
7085915,0.1995000,81,16669666,16669666,1677976946265,true
7085916,0.1996000,120,16669667,16669667,1677976947937,false
7085917,0.1996000,1258,16669668,16669669,1677976952178,false
7085918,0.1996000,56,16669670,16669670,1677976952910,true
7085919,0.1997000,120,16669671,16669671,1677976956088,false
7085920,0.1996000,81,16669672,16669672,1677976958420,true
7085921,0.1996000,56,16669673,16669673,1677976960028,true
7085922,0.1996000,81,16669674,16669674,1677976965530,true
7085923,0.1997000,120,16669675,16669676,1677976967194,false
7085924,0.1996000,49,16669677,16669677,1677976974100,true
7085925,0.1997000,120,16669678,16669678,1677976974359,false
7085926,0.1996000,81,16669679,16669679,1677976975654,true
7085927,0.1997000,400,16669680,16669680,1677976976427,false
7085928,0.1996000,430,16669681,16669681,1677976983041,true
7085929,0.1995000,121,16669682,16669682,1677976983041,true
7085930,0.1996000,120,16669683,16669683,1677976987617,false
7085931,0.1995000,81,16669684,16669684,1677976987825,true
7085932,0.1995000,211,16669685,16669686,1677976998017,true
7085933,0.1995000,57,16669687,16669687,1677977008970,false
7085934,0.1994000,206,16669688,16669688,1677977012168,true
7085935,0.1995000,55,16669689,16669689,1677977017665,false
7085936,0.1994000,42,16669690,16669690,1677977018185,true
7085937,0.1994000,206,16669691,16669691,1677977021271,true
7085938,0.1994000,206,16669692,16669693,1677977028443,true
7085939,0.1995000,55,16669694,16669694,1677977028919,false
7085940,0.1994000,206,16669695,16669695,1677977037075,true
7085941,0.1995000,55,16669696,16669696,1677977043091,false
7085942,0.1994000,401,16669697,16669697,1677977045850,true
7085943,0.1994000,206,16669698,16669699,1677977048183,true
7085944,0.1995000,55,16669700,16669700,1677977050273,false
7085945,0.1994000,558,16669701,16669701,1677977051707,true
7085946,0.1994000,206,16669702,16669702,1677977057297,true
7085947,0.1995000,55,16669703,16669703,1677977063444,false
7085948,0.1995000,4323,16669704,16669707,1677977067532,false
7085949,0.1996000,55,16669708,16669708,1677977071620,false
7085950,0.1996000,66,16669709,16669709,1677977075361,false
7085951,0.1996000,3145,16669710,16669714,1677977079485,false
7085952,0.1997000,61,16669715,16669715,1677977089491,false
7085953,0.1996000,41,16669716,16669716,1677977094018,true
7085954,0.1997000,61,16669717,16669717,1677977099694,false
7085955,0.1996000,1164,16669718,16669719,1677977103776,true
7085956,0.1996000,72,16669720,16669720,1677977106765,false
7085957,0.1996000,1015,16669721,16669722,1677977109334,false
7085958,0.1995000,572,16669723,16669723,1677977109622,true
7085959,0.1995000,1306,16669724,16669727,1677977111199,true
7085960,0.1996000,61,16669728,16669728,1677977111869,false
7085961,0.1996000,68,16669729,16669729,1677977118955,false
7085962,0.1995000,133,16669730,16669730,1677977121813,true
7085963,0.1995000,880,16669731,16669732,1677977123329,true
7085964,0.1995000,1054,16669733,16669733,1677977123650,true
7085965,0.1996000,61,16669734,16669734,1677977125028,false
7085966,0.1996000,68,16669735,16669735,1677977126076,false
7085967,0.1995000,963,16669736,16669740,1677977132349,true
7085968,0.1995000,61,16669741,16669741,1677977133209,false
7085969,0.1994000,174,16669742,16669742,1677977134176,true
7085970,0.1995000,68,16669743,16669743,1677977135247,false
7085971,0.1995000,129,16669744,16669745,1677977142376,false
7085972,0.1994000,171,16669746,16669746,1677977147330,true
7085973,0.1995000,68,16669747,16669748,1677977154575,false
7085974,0.1995000,58,16669749,16669749,1677977158360,false
7085975,0.1994000,171,16669750,16669750,1677977158526,true
7085976,0.1995000,68,16669751,16669751,1677977163772,false
7085977,0.1995000,61,16669752,16669752,1677977166610,false
7085978,0.1995000,56,16669753,16669753,1677977170512,false
7085979,0.1994000,171,16669754,16669755,1677977171696,true
7085980,0.1994000,654,16669756,16669757,1677977176473,true
7085981,0.1994000,59,16669758,16669758,1677977176793,false
7085982,0.1993000,171,16669759,16669759,1677977183868,true
7085983,0.1994000,56,16669760,16669760,1677977184684,false
7085984,0.1993000,518,16669761,16669763,1677977186052,true
7085985,0.1992000,1808,16669764,16669766,1677977186052,true
7085986,0.1993000,179,16669767,16669768,1677977189963,false
7085987,0.1993000,51,16669769,16669769,1677977190731,false
7085988,0.1992000,171,16669770,16669770,1677977195031,true
7085989,0.1993000,56,16669771,16669771,1677977195807,false
7085990,0.1993000,4203,16669772,16669776,1677977199293,false
7085991,0.1994000,59,16669777,16669777,1677977201138,false
7085992,0.1994000,47,16669778,16669778,1677977202847,false
7085993,0.1993000,171,16669779,16669779,1677977208149,true
7085994,0.1994000,56,16669780,16669781,1677977208998,false
7085995,0.1994000,59,16669782,16669782,1677977210399,false
7085996,0.1993000,1373,16669783,16669783,1677977212921,true
7085997,0.1993000,50,16669784,16669784,1677977214213,true
7085998,0.1992000,228,16669785,16669786,1677977214213,true
7085999,0.1993000,47,16669787,16669787,1677977215026,false
7086000,0.1993000,56,16669788,16669789,1677977220184,false
7086001,0.1992000,121,16669790,16669790,1677977220423,true
7086002,0.1993000,59,16669791,16669791,1677977224509,false
7086003,0.1993000,47,16669792,16669792,1677977228215,false
7086004,0.1993000,56,16669793,16669793,1677977228357,false
7086005,0.1992000,118,16669794,16669794,1677977229658,true
7086006,0.1993000,652,16669795,16669796,1677977232622,false
7086007,0.1993000,3388,16669797,16669800,1677977235302,false
7086008,0.1994000,47,16669801,16669801,1677977237392,false
7086009,0.1993000,981,16669802,16669803,1677977238207,true
7086010,0.1994000,59,16669804,16669804,1677977238669,false
7086011,0.1993000,118,16669805,16669805,1677977239767,true
7086012,0.1994000,780,16669806,16669808,1677977248111,false
7086013,0.1994000,585,16669809,16669809,1677977248929,false
7086014,0.1995000,751,16669810,16669810,1677977250136,false
7086015,0.1995000,118,16669811,16669811,1677977252946,true
7086016,0.1996000,54,16669812,16669812,1677977253854,false
7086017,0.1996000,47,16669813,16669813,1677977262231,false
7086018,0.1995000,118,16669814,16669814,1677977263061,true
7086019,0.1995000,118,16669815,16669815,1677977273158,true
7086020,0.1996000,2361,16669816,16669820,1677977274323,false
7086021,0.1996000,1558,16669821,16669822,1677977274467,false
7086022,0.1997000,5592,16669823,16669828,1677977281743,false
7086023,0.1998000,9842,16669829,16669834,1677977281744,false
7086024,0.1999000,11944,16669835,16669842,1677977281744,false
7086025,0.2000000,3513,16669843,16669847,1677977281745,false
7086026,0.1998000,615,16669848,16669848,1677977281753,false
7086027,0.2000000,4715,16669849,16669852,1677977281758,false
7086028,0.1999000,558,16669853,16669853,1677977281759,false
7086029,0.2000000,3753,16669854,16669856,1677977281759,false
7086030,0.2001000,6717,16669857,16669864,1677977281759,false
7086031,0.2002000,608,16669865,16669865,1677977281780,false
7086032,0.2001000,382,16669866,16669866,1677977281781,true
7086033,0.2000000,1917,16669867,16669869,1677977281781,true
7086034,0.2001000,993,16669870,16669871,1677977281790,true
7086035,0.2000000,6812,16669872,16669876,1677977281790,true
7086036,0.2001000,500,16669877,16669877,1677977281801,true
7086037,0.2000000,591,16669878,16669879,1677977281801,true
7086038,0.1999000,3138,16669880,16669880,1677977281801,true
7086039,0.2000000,1311,16669881,16669881,1677977281817,true
7086040,0.2000000,1122,16669882,16669883,1677977281835,false
7086041,0.1999000,118,16669884,16669884,1677977286267,true
7086042,0.2000000,84,16669885,16669885,1677977291007,false
7086043,0.2000000,84,16669886,16669887,1677977300136,false
7086044,0.1999000,8344,16669888,16669899,1677977302030,true
7086045,0.1999000,3004,16669900,16669902,1677977302307,true
7086046,0.1999000,84,16669903,16669903,1677977312305,false
7086047,0.1999000,84,16669904,16669904,1677977320554,false
7086048,0.1999000,634,16669905,16669905,1677977323832,false
7086049,0.2001000,84,16669906,16669906,1677977327738,false
7086050,0.2001000,2943,16669907,16669913,1677977337568,false
7086051,0.2002000,2398,16669914,16669918,1677977337715,false
7086052,0.2003000,84,16669919,16669919,1677977340917,false
7086053,0.2002000,691,16669920,16669924,1677977341356,true
7086054,0.2002000,109,16669925,16669925,1677977341916,false
7086055,0.2001000,885,16669926,16669927,1677977342808,true
7086056,0.2001000,888,16669928,16669928,1677977343366,true
7086057,0.2002000,200,16669929,16669929,1677977345016,false
7086058,0.2002000,250,16669930,16669931,1677977348471,false
7086059,0.2002000,106,16669932,16669932,1677977356048,false
7086060,0.2001000,76,16669933,16669933,1677977357902,true
7086061,0.2002000,106,16669934,16669934,1677977364161,false
7086062,0.2001000,72,16669935,16669935,1677977370069,true
7086063,0.2001000,7450,16669936,16669939,1677977372091,true
7086064,0.2000000,7213,16669940,16669954,1677977372417,true
7086065,0.2000000,102,16669955,16669955,1677977372526,true
7086066,0.2000000,5061,16669956,16669963,1677977375297,false
7086067,0.2001000,106,16669964,16669964,1677977375405,false
7086068,0.2001000,3199,16669965,16669968,1677977375515,false
7086069,0.2002000,4696,16669969,16669974,1677977375520,false
7086070,0.2002000,72,16669975,16669975,1677977382225,true
7086071,0.2003000,411,16669976,16669977,1677977382765,false
7086072,0.2004000,2537,16669978,16669980,1677977383157,false
7086073,0.2005000,513,16669981,16669982,1677977386819,false
7086074,0.2006000,2551,16669983,16669988,1677977387145,false
7086075,0.2007000,106,16669989,16669989,1677977388161,false
7086076,0.2007000,1062,16669990,16669992,1677977388403,false
7086077,0.2007000,72,16669993,16669993,1677977391394,true
7086078,0.2007000,729,16669994,16669996,1677977392429,true
7086079,0.2007000,720,16669997,16669999,1677977395287,true
7086080,0.2007000,428,16670000,16670002,1677977395418,true
7086081,0.2007000,1058,16670003,16670007,1677977397732,false
7086082,0.2008000,7205,16670008,16670015,1677977397732,false
7086083,0.2008000,106,16670016,16670016,1677977399916,false
7086084,0.2007000,72,16670017,16670017,1677977402493,true
7086085,0.2007000,631,16670018,16670019,1677977402753,true
7086086,0.2006000,1034,16670020,16670022,1677977402824,true
7086087,0.2006000,602,16670023,16670023,1677977402928,true
7086088,0.2006000,602,16670024,16670025,1677977403168,true
7086089,0.2006000,2698,16670026,16670028,1677977403669,true
7086090,0.2006000,1982,16670029,16670029,1677977404119,true
7086091,0.2006000,543,16670030,16670030,1677977408399,true
7086092,0.2005000,12218,16670031,16670041,1677977408399,true
7086093,0.2005000,401,16670042,16670042,1677977409140,false
7086094,0.2005000,106,16670043,16670044,1677977412050,false
7086095,0.2004000,72,16670045,16670045,1677977414661,true
7086096,0.2004000,2462,16670046,16670052,1677977418212,true
7086097,0.2004000,54,16670053,16670053,1677977418476,false
7086098,0.2002000,904,16670054,16670054,1677977421550,true
7086099,0.2002000,1898,16670055,16670057,1677977421716,true
7086100,0.2002000,1913,16670058,16670062,1677977421975,true
7086101,0.2001000,8276,16670063,16670068,1677977421975,true
7086102,0.2001000,755,16670069,16670069,1677977422631,true
7086103,0.2002000,323,16670070,16670070,1677977424105,false
7086104,0.2002000,1023,16670071,16670072,1677977424983,false
7086105,0.2001000,72,16670073,16670073,1677977425769,true
7086106,0.2002000,727,16670074,16670075,1677977430119,false
7086107,0.2002000,1053,16670076,16670079,1677977430454,true
7086108,0.2002000,499,16670080,16670080,1677977433533,true
7086109,0.2003000,17297,16670081,16670090,1677977435013,false
7086110,0.2004000,806,16670091,16670092,1677977441161,false
7086111,0.2004000,8313,16670093,16670103,1677977458232,true
7086112,0.2003000,2729,16670104,16670106,1677977458232,true
7086113,0.2003000,220,16670107,16670107,1677977460569,true
7086114,0.2004000,524,16670108,16670109,1677977462694,false
7086115,0.2003000,64,16670110,16670110,1677977463584,true
7086116,0.2003000,1015,16670111,16670112,1677977472516,true
7086117,0.2003000,60,16670113,16670113,1677977476675,true
7086118,0.2003000,60,16670114,16670114,1677977487837,true
7086119,0.2003000,1859,16670115,16670117,1677977490253,true
7086120,0.2002000,60,16670118,16670118,1677977497005,true
7086121,0.2002000,60,16670119,16670119,1677977506160,true
7086122,0.2003000,1102,16670120,16670121,1677977506914,false
7086123,0.2005000,3515,16670122,16670125,1677977507453,false
7086124,0.2006000,806,16670126,16670127,1677977515577,true
7086125,0.2007000,162,16670128,16670128,1677977517013,false
7086126,0.2006000,60,16670129,16670129,1677977520269,true
7086127,0.2006000,1487,16670130,16670132,1677977523311,true
7086128,0.2007000,31,16670133,16670133,1677977525251,false
7086129,0.2007000,450,16670134,16670134,1677977526606,false
7086130,0.2007000,379,16670135,16670135,1677977531279,false
7086131,0.2006000,60,16670136,16670136,1677977533347,true
7086132,0.2006000,300,16670137,16670138,1677977549291,true
7086133,0.2007000,66,16670139,16670139,1677977551790,false
7086134,0.2006000,200,16670140,16670140,1677977559434,true
7086135,0.2006000,5386,16670141,16670143,1677977563268,true
7086136,0.2006000,63,16670144,16670144,1677977564968,false
7086137,0.2005000,4042,16670145,16670150,1677977569700,true
7086138,0.2004000,1992,16670151,16670152,1677977570093,true
7086139,0.2004000,4739,16670153,16670156,1677977570572,false
7086140,0.2005000,63,16670157,16670157,1677977574142,false
7086141,0.2004000,50,16670158,16670158,1677977579500,true
7086142,0.2004000,1177,16670159,16670163,1677977583718,true
7086143,0.2004000,63,16670164,16670164,1677977584251,false
7086144,0.2004000,905,16670165,16670168,1677977587785,false
7086145,0.2005000,2231,16670169,16670171,1677977588024,false
7086146,0.2005000,49,16670172,16670172,1677977589583,true
7086147,0.2006000,63,16670173,16670173,1677977595909,false
7086148,0.2005000,49,16670174,16670174,1677977597752,true
7086149,0.2006000,6417,16670175,16670184,1677977598161,false
7086150,0.2007000,7960,16670185,16670195,1677977599874,false
7086151,0.2007000,13761,16670196,16670205,1677977605485,true
7086152,0.2006000,49,16670206,16670206,1677977605915,true
7086153,0.2007000,63,16670207,16670208,1677977608084,false
7086154,0.2007000,327,16670209,16670209,1677977611099,false
7086155,0.2006000,219,16670210,16670210,1677977611847,true
7086156,0.2006000,2571,16670211,16670213,1677977612984,true
7086157,0.2004000,49,16670214,16670214,1677977615009,true
7086158,0.2005000,2692,16670215,16670218,1677977615345,false
7086159,0.2006000,12086,16670219,16670226,1677977615345,false
7086160,0.2006000,63,16670227,16670227,1677977616242,false
7086161,0.2005000,49,16670228,16670228,1677977623104,true
7086162,0.2005000,49,16670229,16670229,1677977631203,true
7086163,0.2005000,856,16670230,16670231,1677977640036,true
7086164,0.2004000,514,16670232,16670233,1677977642176,true
7086165,0.2004000,517,16670234,16670234,1677977643544,true
7086166,0.2005000,331,16670235,16670236,1677977683085,false
7086167,0.2004000,4412,16670237,16670242,1677977690816,true
7086168,0.2003000,11001,16670243,16670252,1677977690817,true
7086169,0.2004000,8276,16670253,16670259,1677977690845,false
7086170,0.2004000,650,16670260,16670261,1677977697320,true
7086171,0.2003000,8296,16670262,16670269,1677977697320,true
7086172,0.2002000,11865,16670270,16670277,1677977697320,true
7086173,0.2003000,9597,16670278,16670285,1677977697358,false
7086174,0.2004000,2496,16670286,16670288,1677977700222,false
7086175,0.2004000,3750,16670289,16670292,1677977700462,false
7086176,0.2004000,1370,16670293,16670295,1677977703030,false
7086177,0.2005000,942,16670296,16670298,1677977703030,false
7086178,0.2004000,712,16670299,16670300,1677977703222,true
7086179,0.2004000,713,16670301,16670301,1677977704029,true
7086180,0.2005000,2667,16670302,16670304,1677977710011,false
7086181,0.2007000,1364,16670305,16670309,1677977715669,false
7086182,0.2008000,971,16670310,16670312,1677977720401,false
7086183,0.2009000,12960,16670313,16670319,1677977720401,false
7086184,0.2009000,344,16670320,16670320,1677977722088,true
7086185,0.2009000,2312,16670321,16670324,1677977722786,true
7086186,0.2009000,173,16670325,16670325,1677977724130,true
7086187,0.2009000,4601,16670326,16670339,1677977725625,true
7086188,0.2008000,418,16670340,16670340,1677977730139,true
7086189,0.2009000,728,16670341,16670342,1677977760163,false
7086190,0.2010000,5941,16670343,16670349,1677977760319,false
7086191,0.2011000,1416,16670350,16670353,1677977763267,false
7086192,0.2011000,2026,16670354,16670355,1677977763412,false
7086193,0.2012000,2994,16670356,16670359,1677977763412,false
7086194,0.2012000,239,16670360,16670360,1677977763591,false
7086195,0.2012000,6547,16670361,16670371,1677977769050,true
7086196,0.2011000,3423,16670372,16670377,1677977769401,true
7086197,0.2011000,495,16670378,16670378,1677977772244,false
7086198,0.2011000,101,16670379,16670379,1677977774198,false
7086199,0.2010000,6891,16670380,16670388,1677977782405,true
7086200,0.2009000,1419,16670389,16670391,1677977783130,true
7086201,0.2009000,274,16670392,16670392,1677977783267,true
7086202,0.2010000,64,16670393,16670393,1677977793140,false
7086203,0.2011000,11072,16670394,16670402,1677977795321,false
7086204,0.2012000,542,16670403,16670404,1677977799742,true
7086205,0.2012000,2150,16670405,16670411,1677977805587,true
7086206,0.2012000,387,16670412,16670412,1677977810297,false
7086207,0.2011000,480,16670413,16670414,1677977811332,true
7086208,0.2011000,1112,16670415,16670417,1677977816151,false
7086209,0.2012000,2483,16670418,16670420,1677977817241,false
7086210,0.2012000,2485,16670421,16670423,1677977822084,false
7086211,0.2011000,700,16670424,16670426,1677977822804,true
7086212,0.2011000,1603,16670427,16670427,1677977824056,true
7086213,0.2012000,506,16670428,16670428,1677977825254,false
7086214,0.2012000,4173,16670429,16670437,1677977825420,false
7086215,0.2013000,4000,16670438,16670444,1677977826173,false
7086216,0.2014000,2602,16670445,16670447,1677977827920,false
7086217,0.2015000,499,16670448,16670451,1677977828086,false
7086218,0.2014000,135,16670452,16670452,1677977828093,true
7086219,0.2014000,229,16670453,16670453,1677977828258,true
7086220,0.2015000,2613,16670454,16670460,1677977829218,false
7086221,0.2015000,431,16670461,16670461,1677977829408,true
7086222,0.2015000,84,16670462,16670463,1677977829523,true
7086223,0.2016000,99,16670464,16670464,1677977830623,false
7086224,0.2016000,5199,16670465,16670472,1677977830948,false
7086225,0.2016000,54,16670473,16670473,1677977838835,false
7086226,0.2015000,225,16670474,16670474,1677977843045,true
7086227,0.2015000,225,16670475,16670476,1677977850215,true
7086228,0.2016000,4932,16670477,16670481,1677977853693,false
7086229,0.2016000,131,16670482,16670482,1677977858088,true
7086230,0.2016000,5154,16670483,16670487,1677977862746,true
7086231,0.2015000,21576,16670488,16670500,1677977862746,true
7086232,0.2015000,9094,16670501,16670509,1677977863943,false
7086233,0.2016000,21191,16670510,16670524,1677977863943,false
7086234,0.2016000,225,16670525,16670525,1677977864326,true
7086235,0.2016000,225,16670526,16670526,1677977873435,true
7086236,0.2017000,35,16670527,16670527,1677977882352,false
7086237,0.2017000,991,16670528,16670528,1677977885680,false
7086238,0.2016000,225,16670529,16670529,1677977887641,true
7086239,0.2016000,221,16670530,16670530,1677977888166,true
7086240,0.2015000,10604,16670531,16670536,1677977888290,true
7086241,0.2015000,1748,16670537,16670539,1677977888402,true
7086242,0.2012000,225,16670540,16670540,1677977902330,true
7086243,0.2013000,5275,16670541,16670545,1677977903985,false
7086244,0.2014000,134,16670546,16670546,1677977918789,false
7086245,0.2015000,1489,16670547,16670547,1677977918967,false
7086246,0.2016000,337,16670548,16670548,1677977922422,false
7086247,0.2017000,1518,16670549,16670549,1677977923564,false
7086248,0.2018000,2020,16670550,16670553,1677977928337,false
7086249,0.2018000,4602,16670554,16670561,1677977929346,true
7086250,0.2018000,44,16670562,16670562,1677977930058,true
7086251,0.2018000,367,16670563,16670564,1677977930255,true
7086252,0.2017000,2421,16670565,16670569,1677977930561,true
7086253,0.2017000,1386,16670570,16670570,1677977932626,true
7086254,0.2017000,189,16670571,16670571,1677977933937,false
7086255,0.2017000,55,16670572,16670572,1677977935548,false
7086256,0.2015000,976,16670573,16670575,1677977947785,true
7086257,0.2015000,1389,16670576,16670576,1677977947959,true
7086258,0.2015000,8716,16670577,16670586,1677977952180,false
7086259,0.2015000,2091,16670587,16670587,1677977953801,true
7086260,0.2016000,5113,16670588,16670591,1677977965082,false
7086261,0.2017000,4799,16670592,16670597,1677977965085,false
7086262,0.2017000,977,16670598,16670598,1677977965249,false
7086263,0.2017000,8400,16670599,16670608,1677977965327,true
7086264,0.2017000,5203,16670609,16670611,1677977968427,false
7086265,0.2016000,1482,16670612,16670617,1677977976062,true
7086266,0.2015000,690,16670618,16670619,1677977978886,true
7086267,0.2015000,2568,16670620,16670623,1677977991680,false
7086268,0.2016000,1188,16670624,16670625,1677977996342,false
7086269,0.2017000,10002,16670626,16670632,1677977996342,false
7086270,0.2017000,281,16670633,16670633,1677977996459,true
7086271,0.2017000,3673,16670634,16670641,1677977996731,true
7086272,0.2017000,155,16670642,16670642,1677978003061,false
7086273,0.2018000,366,16670643,16670643,1677978003061,false
7086274,0.2018000,2334,16670644,16670647,1677978006668,false
7086275,0.2018000,2207,16670648,16670649,1677978007366,false
7086276,0.2019000,1166,16670650,16670651,1677978007475,false
7086277,0.2019000,1799,16670652,16670655,1677978010995,false
7086278,0.2019000,5440,16670656,16670665,1677978011241,true
7086279,0.2018000,726,16670666,16670667,1677978011746,true
7086280,0.2019000,223,16670668,16670668,1677978011841,false
7086281,0.2019000,585,16670669,16670669,1677978013516,false
7086282,0.2019000,549,16670670,16670671,1677978014679,false
7086283,0.2018000,5393,16670672,16670678,1677978017957,true
7086284,0.2017000,5797,16670679,16670684,1677978017957,true
7086285,0.2018000,1019,16670685,16670686,1677978022206,false
7086286,0.2017000,1268,16670687,16670687,1677978023348,true
7086287,0.2017000,1175,16670688,16670689,1677978028854,true
7086288,0.2018000,3140,16670690,16670693,1677978031157,false
7086289,0.2019000,703,16670694,16670695,1677978033738,false
7086290,0.2018000,1175,16670696,16670697,1677978034017,true
7086291,0.2018000,6132,16670698,16670707,1677978055151,true
7086292,0.2017000,3111,16670708,16670719,1677978064465,true
7086293,0.2018000,8214,16670720,16670730,1677978074510,false
7086294,0.2019000,2750,16670731,16670733,1677978077244,false
7086295,0.2020000,419,16670734,16670734,1677978077244,false
7086296,0.2019000,4325,16670735,16670740,1677978084932,true
7086297,0.2019000,50,16670741,16670741,1677978092130,false
7086298,0.2019000,6078,16670742,16670747,1677978093843,false
7086299,0.2018000,2829,16670748,16670751,1677978124306,false
7086300,0.2019000,1764,16670752,16670753,1677978124424,false
7086301,0.2019000,7096,16670754,16670759,1677978124620,false
7086302,0.2020000,1366,16670760,16670766,1677978125756,false
7086303,0.2021000,4622,16670767,16670772,1677978127488,false
7086304,0.2021000,6421,16670773,16670780,1677978129628,true
7086305,0.2021000,1853,16670781,16670783,1677978135528,false
7086306,0.2021000,5503,16670784,16670790,1677978142876,true
7086307,0.2021000,1706,16670791,16670794,1677978142992,true
7086308,0.2021000,46,16670795,16670795,1677978147368,false
7086309,0.2020000,1000,16670796,16670797,1677978147598,true
7086310,0.2020000,1187,16670798,16670800,1677978150140,false
7086311,0.2020000,1041,16670801,16670802,1677978153938,false
7086312,0.2021000,3609,16670803,16670805,1677978153939,false
7086313,0.2021000,2148,16670806,16670806,1677978166507,false
7086314,0.2021000,1564,16670807,16670807,1677978169114,false
7086315,0.2021000,18069,16670808,16670813,1677978171421,false
7086316,0.2022000,11298,16670814,16670832,1677978171532,false
7086317,0.2024000,1105,16670833,16670833,1677978176562,false
7086318,0.2023000,1229,16670834,16670836,1677978188611,true
7086319,0.2022000,64,16670837,16670837,1677978204581,true
7086320,0.2022000,8119,16670838,16670845,1677978207526,true
7086321,0.2021000,832,16670846,16670847,1677978207527,true
7086322,0.2021000,1139,16670848,16670849,1677978210599,true
7086323,0.2020000,61,16670850,16670850,1677978213744,true
7086324,0.2020000,3153,16670851,16670851,1677978217697,true
7086325,0.2018000,61,16670852,16670852,1677978225990,true
7086326,0.2018000,61,16670853,16670853,1677978236159,true
7086327,0.2018000,1031,16670854,16670855,1677978243952,false
7086328,0.2017000,61,16670856,16670856,1677978250286,true
7086329,0.2017000,300,16670857,16670858,1677978259518,true
7086330,0.2017000,1310,16670859,16670860,1677978261429,true
7086331,0.2016000,14662,16670861,16670871,1677978261429,true
7086332,0.2015000,5229,16670872,16670876,1677978261429,true
7086333,0.2015000,61,16670877,16670877,1677978262412,true
7086334,0.2015000,68,16670878,16670879,1677978265333,true
7086335,0.2016000,3467,16670880,16670885,1677978269886,false
7086336,0.2017000,854,16670886,16670887,1677978270059,false
7086337,0.2017000,61,16670888,16670888,1677978273648,true
7086338,0.2017000,63,16670889,16670889,1677978274597,true
7086339,0.2017000,63,16670890,16670890,1677978285769,true
7086340,0.2018000,134,16670891,16670891,1677978289892,false
7086341,0.2019000,63,16670892,16670892,1677978294942,true
7086342,0.2019000,63,16670893,16670893,1677978305066,true
7086343,0.2019000,4423,16670894,16670899,1677978309128,true
7086344,0.2019000,504,16670900,16670901,1677978309259,true
7086345,0.2018000,63,16670902,16670903,1677978313222,true
7086346,0.2017000,1590,16670904,16670906,1677978319483,false
7086347,0.2017000,846,16670907,16670907,1677978321701,true
7086348,0.2017000,63,16670908,16670908,1677978322347,true
7086349,0.2017000,705,16670909,16670909,1677978322926,true
7086350,0.2017000,515,16670910,16670911,1677978324074,true
7086351,0.2017000,292,16670912,16670913,1677978328119,true
7086352,0.2017000,558,16670914,16670914,1677978330105,true
7086353,0.2018000,90,16670915,16670915,1677978333321,false
7086354,0.2017000,1423,16670916,16670919,1677978337367,true
7086355,0.2016000,250,16670920,16670920,1677978338253,true
7086356,0.2018000,84,16670921,16670921,1677978347597,false
7086357,0.2018000,84,16670922,16670922,1677978360730,false
7086358,0.2018000,515,16670923,16670923,1677978362793,false
7086359,0.2018000,1033,16670924,16670925,1677978364106,false
7086360,0.2018000,65,16670926,16670926,1677978364682,false
7086361,0.2018000,90,16670927,16670927,1677978364921,false
7086362,0.2018000,65,16670928,16670929,1677978365247,false
7086363,0.2018000,145,16670930,16670931,1677978371823,false
7086364,0.2018000,64,16670932,16670932,1677978372434,false
7086365,0.2018000,88,16670933,16670933,1677978376425,false
7086366,0.2018000,89,16670934,16670934,1677978378097,false
7086367,0.2018000,84,16670935,16670935,1677978379202,false
7086368,0.2018000,61,16670936,16670936,1677978381072,false
7086369,0.2018000,4561,16670937,16670942,1677978381611,false
7086370,0.2018000,2324,16670943,16670944,1677978381713,false
7086371,0.2019000,64,16670945,16670945,1677978382668,false
7086372,0.2019000,84,16670946,16670946,1677978383649,false
7086373,0.2018000,43,16670947,16670947,1677978384098,true
7086374,0.2018000,121,16670948,16670948,1677978388046,true
7086375,0.2019000,89,16670949,16670949,1677978390381,false
7086376,0.2019000,84,16670950,16670950,1677978390811,false
7086377,0.2019000,61,16670951,16670951,1677978391231,false
7086378,0.2019000,84,16670952,16670952,1677978393395,false
7086379,0.2019000,64,16670953,16670953,1677978396859,false
7086380,0.2019000,148,16670954,16670954,1677978398031,true
7086381,0.2020000,84,16670955,16670955,1677978402506,false
7086382,0.2020000,89,16670956,16670956,1677978403546,false
7086383,0.2020000,84,16670957,16670957,1677978403942,false
7086384,0.2020000,61,16670958,16670958,1677978405434,false
7086385,0.2020000,64,16670959,16670959,1677978409140,false
7086386,0.2020000,89,16670960,16670960,1677978410762,false
7086387,0.2020000,84,16670961,16670961,1677978416130,false
7086388,0.2019000,1491,16670962,16670962,1677978416162,true
7086389,0.2019000,64,16670963,16670963,1677978418292,false
7086390,0.2019000,61,16670964,16670964,1677978418568,false
7086391,0.2019000,89,16670965,16670965,1677978423895,false
7086392,0.2019000,64,16670966,16670966,1677978426417,false
7086393,0.2019000,84,16670967,16670967,1677978429967,false
7086394,0.2019000,61,16670968,16670968,1677978431814,false
7086395,0.2019000,89,16670969,16670969,1677978434076,false
7086396,0.2018000,173,16670970,16670970,1677978441732,true
7086397,0.2019000,84,16670971,16670972,1677978444154,false
7086398,0.2018000,168,16670973,16670974,1677978450940,true
7086399,0.2017000,168,16670975,16670975,1677978459080,true
7086400,0.2017000,1365,16670976,16670977,1677978461166,true
7086401,0.2016000,73,16670978,16670978,1677978463995,true
7086402,0.2015000,3213,16670979,16670979,1677978463995,true
7086403,0.2015000,402,16670980,16670980,1677978464687,false
7086404,0.2015000,1331,16670981,16670982,1677978469287,false
7086405,0.2015000,168,16670983,16670983,1677978470242,true
7086406,0.2015000,1695,16670984,16670984,1677978471563,true
7086407,0.2015000,168,16670985,16670985,1677978480455,true
7086408,0.2017000,549,16670986,16670987,1677978482945,false
7086409,0.2017000,97,16670988,16670988,1677978486390,false
7086410,0.2016000,168,16670989,16670989,1677978495211,true
7086411,0.2016000,168,16670990,16670990,1677978508408,true
7086412,0.2016000,5670,16670991,16670998,1677978518581,true
7086413,0.2016000,1739,16670999,16671001,1677978518687,true
7086414,0.2016000,1714,16671002,16671005,1677978520092,false
7086415,0.2017000,595,16671006,16671007,1677978521441,false
7086416,0.2017000,556,16671008,16671009,1677978521804,false
7086417,0.2018000,1486,16671010,16671010,1677978522301,false
7086418,0.2019000,2439,16671011,16671014,1677978523573,false
7086419,0.2020000,11152,16671015,16671024,1677978523643,false
7086420,0.2020000,1934,16671025,16671026,1677978541204,false
7086421,0.2021000,629,16671027,16671027,1677978542866,false
7086422,0.2021000,528,16671028,16671028,1677978543201,false
7086423,0.2021000,411,16671029,16671030,1677978543755,false
7086424,0.2022000,443,16671031,16671031,1677978543755,false
7086425,0.2022000,854,16671032,16671032,1677978544312,false
7086426,0.2024000,948,16671033,16671035,1677978545342,false
7086427,0.2024000,1136,16671036,16671036,1677978545568,false
7086428,0.2024000,9940,16671037,16671043,1677978545676,true
7086429,0.2024000,4037,16671044,16671048,1677978546147,false
7086430,0.2025000,738,16671049,16671053,1677978546147,false
7086431,0.2024000,5899,16671054,16671060,1677978546167,true
7086432,0.2023000,318,16671061,16671061,1677978548072,true
7086433,0.2024000,500,16671062,16671062,1677978548215,false
7086434,0.2025000,5074,16671063,16671071,1677978548218,false
7086435,0.2026000,731,16671072,16671074,1677978548227,false
7086436,0.2025000,2830,16671075,16671076,1677978548236,true
7086437,0.2026000,2538,16671077,16671079,1677978548247,false
7086438,0.2027000,1201,16671080,16671083,1677978548247,false
7086439,0.2026000,7530,16671084,16671096,1677978548288,true
7086440,0.2025000,38,16671097,16671097,1677978552109,true
7086441,0.2025000,5023,16671098,16671105,1677978553804,true
7086442,0.2024000,3860,16671106,16671110,1677978553804,true
7086443,0.2024000,8482,16671111,16671115,1677978553891,false
7086444,0.2024000,1654,16671116,16671117,1677978554532,false
7086445,0.2025000,500,16671118,16671118,1677978555297,false
7086446,0.2026000,500,16671119,16671119,1677978556091,false
7086447,0.2027000,536,16671120,16671121,1677978559006,false
7086448,0.2028000,2000,16671122,16671123,1677978559864,false
7086449,0.2028000,657,16671124,16671124,1677978560178,true
7086450,0.2029000,111,16671125,16671126,1677978560999,false
7086451,0.2028000,242,16671127,16671127,1677978561043,true
7086452,0.2028000,129,16671128,16671128,1677978562675,false
7086453,0.2027000,166,16671129,16671129,1677978568063,true
7086454,0.2028000,124,16671130,16671130,1677978571423,false
7086455,0.2028000,107,16671131,16671131,1677978571803,false
7086456,0.2028000,1021,16671132,16671134,1677978575163,false
7086457,0.2029000,278,16671135,16671138,1677978575573,false
7086458,0.2028000,4460,16671139,16671142,1677978577481,true
7086459,0.2027000,92,16671143,16671143,1677978578130,true
7086460,0.2028000,107,16671144,16671144,1677978579991,false
7086461,0.2028000,124,16671145,16671145,1677978581145,false
7086462,0.2027000,291,16671146,16671146,1677978581534,true
7086463,0.2026000,667,16671147,16671148,1677978585549,true
7086464,0.2026000,124,16671149,16671149,1677978592334,false
7086465,0.2026000,107,16671150,16671150,1677978593120,false
7086466,0.2026000,1350,16671151,16671153,1677978594074,false
7086467,0.2026000,10838,16671154,16671159,1677978599418,false
7086468,0.2026000,3596,16671160,16671162,1677978601635,false
7086469,0.2027000,5107,16671163,16671165,1677978601764,false
7086470,0.2027000,5842,16671166,16671172,1677978601927,false
7086471,0.2028000,8616,16671173,16671177,1677978603378,false
7086472,0.2029000,3262,16671178,16671180,1677978604154,false
7086473,0.2030000,1337,16671181,16671187,1677978604847,false
7086474,0.2031000,688,16671188,16671190,1677978605009,false
7086475,0.2030000,1097,16671191,16671193,1677978606267,true
7086476,0.2029000,500,16671194,16671194,1677978606570,true
7086477,0.2029000,1221,16671195,16671197,1677978606947,false
7086478,0.2029000,3218,16671198,16671199,1677978607286,false
7086479,0.2030000,9619,16671200,16671208,1677978607289,false
7086480,0.2031000,3667,16671209,16671212,1677978607290,false
7086481,0.2032000,2114,16671213,16671216,1677978607291,false
7086482,0.2033000,5382,16671217,16671226,1677978607292,false
7086483,0.2034000,4009,16671227,16671234,1677978607312,false
7086484,0.2033000,178,16671235,16671235,1677978607315,true
7086485,0.2032000,3800,16671236,16671237,1677978607315,true
7086486,0.2034000,2064,16671238,16671238,1677978607315,false
7086487,0.2035000,1825,16671239,16671244,1677978607315,false
7086488,0.2034000,582,16671245,16671246,1677978607328,true
7086489,0.2033000,2832,16671247,16671254,1677978607328,true
7086490,0.2032000,1082,16671255,16671257,1677978607338,true
7086491,0.2031000,1587,16671258,16671260,1677978607338,true
7086492,0.2033000,500,16671261,16671261,1677978607340,true
7086493,0.2031000,3845,16671262,16671267,1677978607349,true
7086494,0.2030000,2484,16671268,16671272,1677978607358,true
7086495,0.2031000,500,16671273,16671273,1677978607362,false
7086496,0.2033000,1564,16671274,16671275,1677978607362,false
7086497,0.2031000,500,16671276,16671276,1677978607498,false
7086498,0.2032000,1628,16671277,16671281,1677978607498,false
7086499,0.2031000,4319,16671282,16671284,1677978607937,true
7086500,0.2030000,398,16671285,16671287,1677978607970,true
7086501,0.2030000,6916,16671288,16671291,1677978609094,false
7086502,0.2031000,8607,16671292,16671298,1677978609094,false
7086503,0.2029000,2511,16671299,16671303,1677978609094,true
7086504,0.2028000,19578,16671304,16671312,1677978609094,true
7086505,0.2027000,150,16671313,16671313,1677978609094,true
7086506,0.2030000,2961,16671314,16671316,1677978609110,true
7086507,0.2030000,124,16671317,16671317,1677978609706,false
7086508,0.2028000,192,16671318,16671318,1677978612067,true
7086509,0.2029000,107,16671319,16671319,1677978612145,false
7086510,0.2029000,1849,16671320,16671322,1677978613085,false
7086511,0.2029000,2250,16671323,16671325,1677978616443,true
7086512,0.2029000,124,16671326,16671326,1677978617835,false
7086513,0.2028000,1350,16671327,16671328,1677978618671,true
7086514,0.2028000,100,16671329,16671329,1677978620935,true
7086515,0.2029000,3906,16671330,16671333,1677978625025,false
7086516,0.2031000,107,16671334,16671334,1677978625375,false
7086517,0.2032000,1427,16671335,16671336,1677978629847,false
7086518,0.2033000,82,16671337,16671337,1677978631804,false
7086519,0.2034000,270,16671338,16671338,1677978632342,false
7086520,0.2035000,6996,16671339,16671345,1677978635571,false
7086521,0.2034000,1974,16671346,16671347,1677978641857,true
7086522,0.2033000,372,16671348,16671348,1677978643776,false
7086523,0.2030000,250,16671349,16671349,1677978647048,true
7086524,0.2031000,26,16671350,16671350,1677978647443,false
7086525,0.2031000,344,16671351,16671351,1677978648751,false
7086526,0.2031000,49,16671352,16671352,1677978649546,false
7086527,0.2031000,304,16671353,16671355,1677978650319,false
7086528,0.2031000,3665,16671356,16671358,1677978652092,false
7086529,0.2032000,49,16671359,16671359,1677978652243,false
7086530,0.2032000,731,16671360,16671362,1677978654830,true
7086531,0.2031000,500,16671363,16671363,1677978657289,true
7086532,0.2031000,492,16671364,16671364,1677978658539,false
7086533,0.2031000,49,16671365,16671366,1677978659837,false
7086534,0.2031000,10274,16671367,16671376,1677978665667,false
7086535,0.2032000,7169,16671377,16671380,1677978668413,false
7086536,0.2033000,1301,16671381,16671381,1677978668550,false
7086537,0.2033000,328,16671382,16671382,1677978669572,true
7086538,0.2032000,2281,16671383,16671385,1677978669866,true
7086539,0.2032000,790,16671386,16671386,1677978671274,true
7086540,0.2032000,4480,16671387,16671393,1677978675320,false
7086541,0.2033000,3831,16671394,16671397,1677978676981,false
7086542,0.2035000,728,16671398,16671424,1677978677078,false
7086543,0.2035000,3093,16671425,16671429,1677978680906,true
7086544,0.2034000,2757,16671430,16671432,1677978682617,true
7086545,0.2032000,1003,16671433,16671433,1677978700531,true
7086546,0.2031000,60,16671434,16671434,1677978702147,true
7086547,0.2030000,508,16671435,16671437,1677978702248,true
7086548,0.2030000,495,16671438,16671438,1677978703932,true
7086549,0.2029000,82,16671439,16671439,1677978707432,true
7086550,0.2029000,3392,16671440,16671442,1677978709675,false
7086551,0.2030000,3340,16671443,16671446,1677978710010,false
7086552,0.2031000,850,16671447,16671448,1677978724251,false
7086553,0.2031000,149,16671449,16671449,1677978746465,false
7086554,0.2031000,5036,16671450,16671456,1677978756789,false
7086555,0.2032000,729,16671457,16671457,1677978778069,false
7086556,0.2033000,6885,16671458,16671468,1677978778608,false
7086557,0.2033000,2244,16671469,16671471,1677978778729,false
7086558,0.2034000,270,16671472,16671472,1677978780156,false
7086559,0.2035000,1776,16671473,16671475,1677978780156,false
7086560,0.2034000,1221,16671476,16671478,1677978785151,true
7086561,0.2034000,1289,16671479,16671479,1677978796794,true
7086562,0.2034000,461,16671480,16671480,1677978811865,true
7086563,0.2034000,2066,16671481,16671482,1677978813289,true
7086564,0.2033000,2460,16671483,16671485,1677978813661,true
7086565,0.2032000,2190,16671486,16671490,1677978818374,true
7086566,0.2032000,8169,16671491,16671498,1677978828083,false
7086567,0.2033000,3030,16671499,16671501,1677978828084,false
7086568,0.2032000,6636,16671502,16671507,1677978828100,true
7086569,0.2033000,246,16671508,16671508,1677978835337,false
7086570,0.2033000,2784,16671509,16671511,1677978839847,false
7086571,0.2034000,16193,16671512,16671519,1677978839847,false
7086572,0.2034000,67,16671520,16671520,1677978862515,true
7086573,0.2034000,3025,16671521,16671530,1677978868149,true
7086574,0.2034000,325,16671531,16671531,1677978869350,false
7086575,0.2034000,4614,16671532,16671538,1677978879560,false
7086576,0.2035000,1372,16671539,16671540,1677978900013,false
7086577,0.2035000,3010,16671541,16671542,1677978901738,true
7086578,0.2035000,5331,16671543,16671550,1677978902358,true
7086579,0.2035000,947,16671551,16671551,1677978902913,false
7086580,0.2035000,957,16671552,16671552,1677978903104,false
7086581,0.2035000,1106,16671553,16671555,1677978903468,false
7086582,0.2035000,958,16671556,16671557,1677978903767,false
7086583,0.2035000,1106,16671558,16671559,1677978904573,false
7086584,0.2036000,768,16671560,16671561,1677978908065,false
7086585,0.2036000,581,16671562,16671563,1677978916015,false
7086586,0.2037000,2629,16671564,16671568,1677978916244,false
7086587,0.2038000,4526,16671569,16671574,1677978918066,false
7086588,0.2039000,16172,16671575,16671586,1677978918066,false
7086589,0.2040000,2743,16671587,16671592,1677978918247,false
7086590,0.2041000,3299,16671593,16671599,1677978918247,false
7086591,0.2040000,3888,16671600,16671606,1677978918620,true
7086592,0.2040000,416,16671607,16671608,1677978918855,true
7086593,0.2039000,2729,16671609,16671617,1677978921040,true
7086594,0.2039000,1525,16671618,16671619,1677978921152,true
7086595,0.2038000,7379,16671620,16671628,1677978921486,true
7086596,0.2037000,252,16671629,16671629,1677978923119,true
7086597,0.2037000,975,16671630,16671630,1677978924132,true
7086598,0.2037000,705,16671631,16671632,1677978925149,true
7086599,0.2036000,1367,16671633,16671634,1677978925149,true
7086600,0.2036000,340,16671635,16671635,1677978927057,true
7086601,0.2036000,974,16671636,16671637,1677978928064,true
7086602,0.2037000,1553,16671638,16671640,1677978929007,false
7086603,0.2037000,1218,16671641,16671642,1677978929108,false
7086604,0.2037000,1271,16671643,16671644,1677978929223,false
7086605,0.2037000,975,16671645,16671645,1677978930186,true
7086606,0.2037000,326,16671646,16671646,1677978931103,true
7086607,0.2038000,7385,16671647,16671654,1677978933333,false
7086608,0.2039000,4286,16671655,16671656,1677978933333,false
7086609,0.2038000,500,16671657,16671657,1677978934077,true
7086610,0.2037000,109,16671658,16671658,1677978937026,true
7086611,0.2037000,975,16671659,16671660,1677978938128,true
7086612,0.2037000,27,16671661,16671661,1677978938467,false
7086613,0.2036000,98,16671662,16671662,1677978939105,true
7086614,0.2036000,2792,16671663,16671664,1677978939623,true
7086615,0.2036000,4911,16671665,16671669,1677978940989,true
7086616,0.2036000,500,16671670,16671670,1677978941011,false
7086617,0.2035000,878,16671671,16671672,1677978942081,true
7086618,0.2036000,346,16671673,16671673,1677978942309,false
7086619,0.2035000,129,16671674,16671674,1677978946031,true
7086620,0.2035000,896,16671675,16671676,1677978950077,true
7086621,0.2036000,243,16671677,16671677,1677978950751,false
7086622,0.2037000,500,16671678,16671678,1677978953830,false
7086623,0.2038000,609,16671679,16671679,1677978961208,false
7086624,0.2039000,557,16671680,16671680,1677978962742,false
7086625,0.2039000,1295,16671681,16671682,1677978963184,false
7086626,0.2040000,765,16671683,16671683,1677978963220,false
7086627,0.2039000,441,16671684,16671684,1677978964103,true
7086628,0.2039000,161,16671685,16671686,1677978967048,true
7086629,0.2041000,2692,16671687,16671689,1677978969064,false
7086630,0.2041000,403,16671690,16671690,1677978969310,true
7086631,0.2042000,569,16671691,16671693,1677978969410,false
7086632,0.2042000,500,16671694,16671694,1677978969685,true
7086633,0.2043000,3312,16671695,16671701,1677978970552,false
7086634,0.2043000,487,16671702,16671702,1677978971268,true
7086635,0.2044000,31,16671703,16671703,1677978971397,false
7086636,0.2043000,49,16671704,16671704,1677978971944,true
7086637,0.2043000,322,16671705,16671705,1677978972392,true
7086638,0.2044000,3665,16671706,16671710,1677978972482,false
7086639,0.2043000,109,16671711,16671711,1677978973324,true
7086640,0.2043000,2711,16671712,16671717,1677978973872,true
7086641,0.2043000,1500,16671718,16671719,1677978974151,false
7086642,0.2043000,2357,16671720,16671722,1677978975350,false
7086643,0.2043000,192,16671723,16671723,1677978975499,false
7086644,0.2044000,4183,16671724,16671727,1677978976408,false
7086645,0.2044000,565,16671728,16671728,1677978976445,true
7086646,0.2044000,1218,16671729,16671729,1677978977145,true
7086647,0.2044000,768,16671730,16671731,1677978978733,true
7086648,0.2043000,246,16671732,16671732,1677978979918,true
7086649,0.2043000,78,16671733,16671733,1677978980137,true
7086650,0.2043000,895,16671734,16671736,1677978980333,true
7086651,0.2044000,1985,16671737,16671739,1677978980920,false
7086652,0.2044000,500,16671740,16671740,1677978981059,false
7086653,0.2043000,285,16671741,16671741,1677978981109,true
7086654,0.2045000,2360,16671742,16671749,1677978981527,false
7086655,0.2045000,3218,16671750,16671750,1677978981734,true
7086656,0.2046000,2000,16671751,16671755,1677978982150,false
7086657,0.2046000,1405,16671756,16671759,1677978982268,false
7086658,0.2046000,688,16671760,16671760,1677978983603,true
7086659,0.2047000,285,16671761,16671761,1677978983894,false
7086660,0.2046000,355,16671762,16671763,1677978984136,true
7086661,0.2047000,1174,16671764,16671765,1677978984160,false
7086662,0.2048000,250,16671766,16671766,1677978984318,false
7086663,0.2047000,3067,16671767,16671772,1677978985693,true
7086664,0.2048000,72,16671773,16671774,1677978985902,false
7086665,0.2049000,468,16671775,16671777,1677978986771,false
7086666,0.2050000,2244,16671778,16671783,1677978987010,false
7086667,0.2048000,850,16671784,16671784,1677978988008,true
7086668,0.2050000,470,16671785,16671785,1677978988693,false
7086669,0.2048000,1555,16671786,16671789,1677978990165,true
7086670,0.2048000,804,16671790,16671790,1677978990432,true
7086671,0.2047000,173,16671791,16671791,1677978990432,true
7086672,0.2049000,4382,16671792,16671793,1677978990463,false
7086673,0.2047000,49,16671794,16671794,1677978990579,true
7086674,0.2047000,689,16671795,16671795,1677978991477,true
7086675,0.2047000,2529,16671796,16671798,1677978991725,true
7086676,0.2047000,153,16671799,16671799,1677978992206,true
7086677,0.2046000,1193,16671800,16671801,1677978992735,true
7086678,0.2045000,2017,16671802,16671806,1677978993377,true
7086679,0.2044000,1519,16671807,16671809,1677978994148,true
