agg_trade_id,price,quantity,first_trade_id,last_trade_id,transact_time,is_buyer_maker
7104202,0.2037000,856,16722515,16722515,1678060804476,true
7104203,0.2038000,2196,16722516,16722516,1678060805583,false
7104204,0.2037000,2784,16722517,16722519,1678060806392,true
7104205,0.2037000,833,16722520,16722521,1678060806562,true
7104206,0.2038000,564,16722522,16722523,1678060806615,false
7104207,0.2037000,1725,16722524,16722525,1678060807941,true
7104208,0.2037000,6253,16722526,16722529,1678060808801,true
7104209,0.2037000,500,16722530,16722530,1678060808838,false
7104210,0.2038000,570,16722531,16722533,1678060808838,false
7104211,0.2037000,500,16722534,16722534,1678060808895,true
7104212,0.2036000,1297,16722535,16722537,1678060808895,true
7104213,0.2036000,691,16722538,16722539,1678060811688,true
7104214,0.2035000,41,16722540,16722541,1678060812251,true
7104215,0.2035000,3503,16722542,16722545,1678060813517,true
7104216,0.2034000,2447,16722546,16722548,1678060813517,true
7104217,0.2034000,762,16722549,16722550,1678060814130,true
7104218,0.2033000,612,16722551,16722553,1678060815967,true
7104219,0.2032000,1043,16722554,16722555,1678060818509,true
7104220,0.2031000,2427,16722556,16722559,1678060818673,true
7104221,0.2030000,41,16722560,16722560,1678060819500,true
7104222,0.2030000,344,16722561,16722561,1678060820281,true
7104223,0.2030000,2286,16722562,16722568,1678060823676,true
7104224,0.2030000,9105,16722569,16722576,1678060823912,false
7104225,0.2031000,443,16722577,16722577,1678060824053,false
7104226,0.2030000,82,16722578,16722578,1678060825457,true
7104227,0.2030000,4649,16722579,16722584,1678060826369,true
7104228,0.2029000,8495,16722585,16722590,1678060826369,true
7104229,0.2028000,2393,16722591,16722592,1678060826369,true
7104230,0.2029000,2417,16722593,16722595,1678060826408,false
7104231,0.2030000,2963,16722596,16722598,1678060826455,false
7104232,0.2030000,289,16722599,16722599,1678060828078,false
7104233,0.2029000,121,16722600,16722601,1678060828574,true
7104234,0.2030000,1506,16722602,16722604,1678060829020,false
7104235,0.2030000,607,16722605,16722605,1678060830076,false
7104236,0.2030000,10926,16722606,16722622,1678060831490,false
7104237,0.2029000,614,16722623,16722624,1678060831564,true
7104238,0.2029000,981,16722625,16722627,1678060832682,true
7104239,0.2030000,86,16722628,16722628,1678060835534,false
7104240,0.2029000,1745,16722629,16722629,1678060835646,true
7104241,0.2029000,618,16722630,16722631,1678060836902,true
7104242,0.2029000,3947,16722632,16722637,1678060837515,true
7104243,0.2029000,41,16722638,16722638,1678060837789,true
7104244,0.2029000,2594,16722639,16722641,1678060840941,true
7104245,0.2029000,1554,16722642,16722643,1678060845642,true
7104246,0.2029000,1200,16722644,16722644,1678060846527,true
7104247,0.2029000,846,16722645,16722645,1678060850024,true
7104248,0.2029000,41,16722646,16722646,1678060851953,true
7104249,0.2030000,76,16722647,16722647,1678060854052,false
7104250,0.2029000,846,16722648,16722648,1678060855651,true
7104251,0.2029000,684,16722649,16722650,1678060857743,true
7104252,0.2030000,724,16722651,16722652,1678060862950,false
7104253,0.2029000,1757,16722653,16722655,1678060865032,true
7104254,0.2029000,812,16722656,16722657,1678060866025,true
7104255,0.2029000,796,16722658,16722660,1678060866693,true
7104256,0.2029000,1188,16722661,16722662,1678060867973,true
7104257,0.2029000,129,16722663,16722664,1678060869203,true
7104258,0.2028000,5886,16722665,16722666,1678060869203,true
7104259,0.2028000,2403,16722667,16722668,1678060874611,true
7104260,0.2028000,775,16722669,16722670,1678060875987,true
7104261,0.2028000,802,16722671,16722672,1678060876719,true
7104262,0.2027000,4131,16722673,16722679,1678060876720,true
7104263,0.2027000,2533,16722680,16722683,1678060877035,true
7104264,0.2026000,9159,16722684,16722690,1678060877487,true
7104265,0.2025000,3248,16722691,16722700,1678060877543,true
7104266,0.2024000,2741,16722701,16722702,1678060877622,true
7104267,0.2025000,1000,16722703,16722704,1678060877887,false
7104268,0.2026000,5259,16722705,16722710,1678060878009,false
7104269,0.2026000,11026,16722711,16722719,1678060881273,true
7104270,0.2026000,2882,16722720,16722724,1678060884178,false
7104271,0.2026000,1721,16722725,16722725,1678060884371,false
7104272,0.2027000,29587,16722726,16722737,1678060884455,false
7104273,0.2027000,500,16722738,16722738,1678060887607,true
7104274,0.2028000,174,16722739,16722739,1678060888123,false
7104275,0.2028000,174,16722740,16722740,1678060890120,false
7104276,0.2027000,5930,16722741,16722749,1678060891632,true
7104277,0.2026000,1832,16722750,16722751,1678060895848,true
7104278,0.2026000,500,16722752,16722752,1678060896028,true
7104279,0.2026000,1589,16722753,16722755,1678060896932,false
7104280,0.2026000,964,16722756,16722756,1678060897600,true
7104281,0.2027000,45,16722757,16722757,1678060898072,false
7104282,0.2026000,1649,16722758,16722760,1678060901036,true
7104283,0.2026000,791,16722761,16722761,1678060908832,true
7104284,0.2026000,655,16722762,16722762,1678060910107,true
7104285,0.2027000,1419,16722763,16722763,1678060910198,false
7104286,0.2026000,670,16722764,16722764,1678060911666,true
7104287,0.2027000,75,16722765,16722765,1678060918102,false
7104288,0.2026000,596,16722766,16722767,1678060918157,true
7104289,0.2027000,1056,16722768,16722768,1678060919133,false
7104290,0.2027000,75,16722769,16722769,1678060920076,false
7104291,0.2027000,268,16722770,16722771,1678060921552,false
7104292,0.2027000,157,16722772,16722772,1678060924470,false
7104293,0.2027000,268,16722773,16722773,1678060926684,false
7104294,0.2027000,157,16722774,16722774,1678060929467,false
7104295,0.2027000,268,16722775,16722775,1678060931545,false
7104296,0.2026000,862,16722776,16722777,1678060932649,true
7104297,0.2027000,157,16722778,16722778,1678060934467,false
7104298,0.2026000,2203,16722779,16722779,1678060934553,true
7104299,0.2027000,268,16722780,16722780,1678060936549,false
7104300,0.2026000,929,16722781,16722782,1678060936631,true
7104301,0.2026000,541,16722783,16722783,1678060937682,true
7104302,0.2027000,155,16722784,16722784,1678060939605,false
7104303,0.2027000,268,16722785,16722785,1678060941704,false
7104304,0.2027000,157,16722786,16722786,1678060944609,false
7104305,0.2027000,268,16722787,16722787,1678060946578,false
7104306,0.2026000,200,16722788,16722789,1678060961619,true
7104307,0.2027000,986,16722790,16722791,1678060962502,false
7104308,0.2026000,3344,16722792,16722794,1678060968041,true
7104309,0.2026000,535,16722795,16722795,1678060968485,true
7104310,0.2026000,195,16722796,16722796,1678060968742,true
7104311,0.2025000,971,16722797,16722798,1678060972963,true
7104312,0.2025000,14041,16722799,16722809,1678060973080,true
7104313,0.2025000,89,16722810,16722810,1678060974051,false
7104314,0.2024000,7425,16722811,16722814,1678060974211,true
7104315,0.2024000,501,16722815,16722815,1678060975878,true
7104316,0.2024000,6674,16722816,16722818,1678060977517,true
7104317,0.2023000,5086,16722819,16722823,1678060977517,true
7104318,0.2023000,195,16722824,16722824,1678060977874,true
7104319,0.2024000,240,16722825,16722825,1678060978018,false
7104320,0.2023000,2394,16722826,16722828,1678060978779,true
7104321,0.2024000,220,16722829,16722829,1678060980101,false
7104322,0.2024000,268,16722830,16722831,1678060981560,false
7104323,0.2023000,1373,16722832,16722833,1678060982674,true
7104324,0.2024000,753,16722834,16722836,1678060982931,false
7104325,0.2024000,1561,16722837,16722838,1678060983220,false
7104326,0.2024000,715,16722839,16722839,1678060983688,false
7104327,0.2024000,240,16722840,16722840,1678060988113,false
7104328,0.2023000,745,16722841,16722841,1678060989359,true
7104329,0.2024000,20408,16722842,16722847,1678060989619,false
7104330,0.2025000,7239,16722848,16722851,1678060989659,false
7104331,0.2025000,2458,16722852,16722854,1678060989673,true
7104332,0.2026000,5253,16722855,16722859,1678060989725,false
7104333,0.2026000,754,16722860,16722861,1678060990750,false
7104334,0.2026000,195,16722862,16722862,1678060991500,true
7104335,0.2026000,582,16722863,16722863,1678060991697,true
7104336,0.2027000,38,16722864,16722864,1678060998790,false
7104337,0.2026000,1945,16722865,16722868,1678061003047,true
7104338,0.2026000,195,16722869,16722869,1678061003705,true
7104339,0.2026000,3419,16722870,16722871,1678061004387,true
7104340,0.2026000,1097,16722872,16722875,1678061011825,true
7104341,0.2026000,584,16722876,16722877,1678061015288,true
7104342,0.2026000,1330,16722878,16722880,1678061018370,true
7104343,0.2026000,970,16722881,16722882,1678061018944,true
7104344,0.2025000,22,16722883,16722883,1678061019001,true
7104345,0.2025000,605,16722884,16722884,1678061022076,true
7104346,0.2025000,1703,16722885,16722885,1678061026671,true
7104347,0.2025000,2860,16722886,16722888,1678061028482,true
7104348,0.2025000,56,16722889,16722889,1678061031449,true
7104349,0.2025000,854,16722890,16722891,1678061032887,true
7104350,0.2025000,967,16722892,16722893,1678061040071,true
7104351,0.2026000,545,16722894,16722895,1678061042663,false
7104352,0.2026000,742,16722896,16722896,1678061043304,false
7104353,0.2025000,1605,16722897,16722897,1678061046591,true
7104354,0.2025000,8263,16722898,16722904,1678061048691,true
7104355,0.2024000,28687,16722905,16722916,1678061048691,true
7104356,0.2023000,578,16722917,16722917,1678061048794,true
7104357,0.2023000,737,16722918,16722920,1678061051065,true
7104358,0.2024000,2460,16722921,16722923,1678061051065,false
7104359,0.2023000,1192,16722924,16722925,1678061051525,true
7104360,0.2024000,4789,16722926,16722929,1678061055452,false
7104361,0.2023000,132,16722930,16722930,1678061057536,true
7104362,0.2024000,871,16722931,16722931,1678061059534,false
7104363,0.2025000,290,16722932,16722932,1678061059609,false
7104364,0.2025000,1483,16722933,16722935,1678061071045,false
7104365,0.2025000,5597,16722936,16722941,1678061076671,true
7104366,0.2024000,10000,16722942,16722949,1678061078818,true
7104367,0.2023000,913,16722950,16722950,1678061084982,true
7104368,0.2024000,755,16722951,16722952,1678061088279,false
7104369,0.2024000,296,16722953,16722953,1678061090421,false
7104370,0.2025000,296,16722954,16722954,1678061090640,false
7104371,0.2025000,880,16722955,16722956,1678061091603,true
7104372,0.2026000,7689,16722957,16722965,1678061098579,false
7104373,0.2026000,674,16722966,16722967,1678061100597,true
7104374,0.2027000,1202,16722968,16722969,1678061102133,false
7104375,0.2026000,4268,16722970,16722973,1678061107990,true
7104376,0.2026000,1429,16722974,16722977,1678061110681,true
7104377,0.2025000,9355,16722978,16722982,1678061111004,true
7104378,0.2024000,2083,16722983,16722986,1678061112516,true
7104379,0.2023000,10599,16722987,16722993,1678061119928,true
7104380,0.2023000,36,16722994,16722994,1678061120121,false
7104381,0.2023000,1585,16722995,16722996,1678061121434,false
7104382,0.2023000,6453,16722997,16723001,1678061121982,false
7104383,0.2024000,5076,16723002,16723007,1678061121983,false
7104384,0.2024000,3804,16723008,16723012,1678061122570,false
7104385,0.2023000,499,16723013,16723013,1678061124079,true
7104386,0.2023000,601,16723014,16723015,1678061125506,true
7104387,0.2023000,3428,16723016,16723021,1678061126664,true
7104388,0.2022000,436,16723022,16723024,1678061126772,true
7104389,0.2022000,861,16723025,16723026,1678061130101,true
7104390,0.2022000,5451,16723027,16723030,1678061135495,true
7104391,0.2022000,1062,16723031,16723032,1678061136950,true
7104392,0.2022000,877,16723033,16723033,1678061144060,true
7104393,0.2022000,1885,16723034,16723035,1678061149567,true
7104394,0.2022000,2480,16723036,16723036,1678061150869,true
7104395,0.2023000,2045,16723037,16723039,1678061152798,false
7104396,0.2022000,789,16723040,16723040,1678061161143,true
7104397,0.2023000,1936,16723041,16723043,1678061164371,false
7104398,0.2023000,249,16723044,16723044,1678061164491,false
7104399,0.2024000,13107,16723045,16723053,1678061164517,false
7104400,0.2024000,677,16723054,16723055,1678061164839,true
7104401,0.2024000,7307,16723056,16723062,1678061166639,true
7104402,0.2023000,606,16723063,16723064,1678061168837,true
7104403,0.2023000,12762,16723065,16723074,1678061177904,true
7104404,0.2022000,13659,16723075,16723084,1678061178136,true
7104405,0.2021000,1269,16723085,16723089,1678061178179,true
7104406,0.2021000,80,16723090,16723090,1678061178865,true
7104407,0.2021000,7618,16723091,16723096,1678061179328,true
7104408,0.2020000,7737,16723097,16723102,1678061179400,true
7104409,0.2020000,1441,16723103,16723105,1678061181716,false
7104410,0.2020000,698,16723106,16723107,1678061194882,true
7104411,0.2020000,12382,16723108,16723111,1678061195045,true
7104412,0.2019000,7748,16723112,16723118,1678061197099,true
7104413,0.2018000,18325,16723119,16723131,1678061197100,true
7104414,0.2018000,1331,16723132,16723134,1678061201118,false
7104415,0.2019000,5171,16723135,16723139,1678061201154,false
7104416,0.2020000,827,16723140,16723142,1678061203306,false
7104417,0.2021000,1374,16723143,16723144,1678061208009,false
7104418,0.2022000,525,16723145,16723145,1678061213473,true
7104419,0.2023000,56,16723146,16723147,1678061215776,false
7104420,0.2023000,144,16723148,16723148,1678061218102,true
7104421,0.2023000,178,16723149,16723149,1678061220081,true
7104422,0.2022000,693,16723150,16723151,1678061235818,true
7104423,0.2022000,1735,16723152,16723154,1678061236029,true
7104424,0.2022000,4943,16723155,16723158,1678061238163,false
7104425,0.2022000,503,16723159,16723160,1678061258293,true
7104426,0.2022000,1949,16723161,16723164,1678061258419,true
7104427,0.2021000,400,16723165,16723165,1678061269904,true
7104428,0.2020000,97,16723166,16723166,1678061269904,true
7104429,0.2021000,5648,16723167,16723171,1678061271315,false
7104430,0.2021000,3361,16723172,16723173,1678061272704,true
7104431,0.2022000,4676,16723174,16723178,1678061279392,true
7104432,0.2022000,6314,16723179,16723185,1678061291462,false
7104433,0.2022000,1193,16723186,16723186,1678061299906,true
7104434,0.2021000,376,16723187,16723187,1678061299906,true
7104435,0.2021000,5375,16723188,16723189,1678061321582,true
7104436,0.2020000,1287,16723190,16723190,1678061322729,true
7104437,0.2020000,3242,16723191,16723197,1678061326010,false
7104438,0.2020000,994,16723198,16723199,1678061331321,true
7104439,0.2021000,500,16723200,16723200,1678061340330,false
7104440,0.2022000,540,16723201,16723202,1678061343221,false
7104441,0.2021000,511,16723203,16723204,1678061348819,true
7104442,0.2021000,3273,16723205,16723208,1678061352700,true
7104443,0.2020000,381,16723209,16723209,1678061357457,true
7104444,0.2020000,3878,16723210,16723214,1678061361817,false
7104445,0.2020000,1270,16723215,16723216,1678061398449,true
7104446,0.2021000,776,16723217,16723218,1678061404201,false
7104447,0.2021000,714,16723219,16723219,1678061410513,false
7104448,0.2020000,1026,16723220,16723221,1678061418709,true
7104449,0.2021000,1308,16723222,16723224,1678061421926,false
7104450,0.2021000,1090,16723225,16723226,1678061422216,false
7104451,0.2020000,8123,16723227,16723231,1678061438111,true
7104452,0.2019000,273,16723232,16723233,1678061438514,true
7104453,0.2018000,639,16723234,16723234,1678061438514,true
7104454,0.2019000,500,16723235,16723235,1678061438724,false
7104455,0.2018000,2857,16723236,16723239,1678061449957,true
7104456,0.2017000,747,16723240,16723241,1678061450015,true
7104457,0.2017000,1406,16723242,16723242,1678061450395,true
7104458,0.2017000,1116,16723243,16723243,1678061451326,true
7104459,0.2016000,775,16723244,16723247,1678061458645,true
7104460,0.2015000,14321,16723248,16723263,1678061458645,true
7104461,0.2014000,12033,16723264,16723274,1678061458645,true
7104462,0.2013000,4260,16723275,16723285,1678061458655,true
7104463,0.2012000,5010,16723286,16723293,1678061458657,true
7104464,0.2011000,9496,16723294,16723299,1678061458657,true
7104465,0.2012000,5096,16723300,16723306,1678061458676,false
7104466,0.2013000,3264,16723307,16723307,1678061458686,false
7104467,0.2012000,500,16723308,16723308,1678061458704,true
7104468,0.2012000,1539,16723309,16723310,1678061458927,true
7104469,0.2012000,6434,16723311,16723314,1678061458967,false
7104470,0.2012000,2901,16723315,16723318,1678061459389,false
7104471,0.2012000,4221,16723319,16723327,1678061459520,false
7104472,0.2012000,2528,16723328,16723332,1678061460151,true
7104473,0.2012000,731,16723333,16723333,1678061460611,true
7104474,0.2012000,454,16723334,16723334,1678061466833,true
7104475,0.2011000,2018,16723335,16723337,1678061471664,true
7104476,0.2011000,2486,16723338,16723340,1678061475262,false
7104477,0.2010000,644,16723341,16723344,1678061481582,true
7104478,0.2010000,4992,16723345,16723346,1678061487124,true
7104479,0.2010000,794,16723347,16723347,1678061496497,true
7104480,0.2011000,273,16723348,16723349,1678061508505,false
7104481,0.2011000,1553,16723350,16723351,1678061509136,false
7104482,0.2011000,6597,16723352,16723357,1678061509318,false
7104483,0.2011000,1809,16723358,16723359,1678061509636,false
7104484,0.2012000,799,16723360,16723360,1678061523728,false
7104485,0.2012000,522,16723361,16723361,1678061524142,false
7104486,0.2012000,1665,16723362,16723365,1678061524390,false
7104487,0.2012000,1150,16723366,16723367,1678061524502,true
7104488,0.2012000,5597,16723368,16723371,1678061528438,true
7104489,0.2011000,2896,16723372,16723374,1678061528918,true
7104490,0.2011000,2331,16723375,16723377,1678061529661,true
7104491,0.2011000,796,16723378,16723378,1678061541464,false
7104492,0.2010000,10085,16723379,16723386,1678061550548,true
7104493,0.2009000,2585,16723387,16723396,1678061552362,true
7104494,0.2008000,1950,16723397,16723400,1678061552362,true
7104495,0.2008000,6312,16723401,16723405,1678061555094,true
7104496,0.2007000,6307,16723406,16723411,1678061555094,true
7104497,0.2007000,68,16723412,16723412,1678061555523,true
7104498,0.2007000,94,16723413,16723413,1678061556057,true
7104499,0.2008000,2939,16723414,16723416,1678061559397,false
7104500,0.2009000,2045,16723417,16723419,1678061559766,false
7104501,0.2008000,67,16723420,16723420,1678061572237,true
7104502,0.2008000,924,16723421,16723422,1678061576718,true
7104503,0.2009000,9247,16723423,16723428,1678061577290,false
7104504,0.2010000,703,16723429,16723429,1678061577290,false
7104505,0.2009000,376,16723430,16723430,1678061585958,true
7104506,0.2009000,755,16723431,16723432,1678061586876,true
7104507,0.2009000,125,16723433,16723433,1678061588296,false
7104508,0.2009000,3364,16723434,16723437,1678061605399,false
7104509,0.2009000,20035,16723438,16723449,1678061607162,true
7104510,0.2008000,369,16723450,16723451,1678061613562,true
7104511,0.2007000,977,16723452,16723452,1678061613562,true
7104512,0.2007000,680,16723453,16723453,1678061615572,true
7104513,0.2008000,1806,16723454,16723455,1678061615747,false
7104514,0.2009000,11211,16723456,16723466,1678061615747,false
7104515,0.2009000,2170,16723467,16723468,1678061623567,false
7104516,0.2009000,5381,16723469,16723473,1678061626148,true
7104517,0.2008000,9939,16723474,16723483,1678061626150,true
7104518,0.2007000,4339,16723484,16723486,1678061626779,true
7104519,0.2006000,504,16723487,16723494,1678061626882,true
7104520,0.2005000,6451,16723495,16723502,1678061626882,true
7104521,0.2005000,163,16723503,16723503,1678061629509,true
7104522,0.2005000,64,16723504,16723504,1678061630138,true
7104523,0.2006000,1000,16723505,16723506,1678061631186,false
7104524,0.2005000,64,16723507,16723507,1678061631224,true
7104525,0.2006000,6498,16723508,16723514,1678061634348,false
7104526,0.2007000,6680,16723515,16723520,1678061634350,false
7104527,0.2008000,3294,16723521,16723524,1678061634352,false
7104528,0.2009000,247,16723525,16723525,1678061634366,false
7104529,0.2009000,460,16723526,16723527,1678061637085,false
7104530,0.2008000,1000,16723528,16723529,1678061638234,true
7104531,0.2009000,2043,16723530,16723531,1678061643312,false
7104532,0.2009000,42,16723532,16723532,1678061655806,true
7104533,0.2010000,500,16723533,16723533,1678061656461,false
7104534,0.2010000,348,16723534,16723534,1678061660539,false
7104535,0.2010000,230,16723535,16723535,1678061661892,false
7104536,0.2010000,234,16723536,16723536,1678061662197,false
7104537,0.2010000,500,16723537,16723538,1678061672943,false
7104538,0.2009000,54,16723539,16723539,1678061676234,true
7104539,0.2010000,500,16723540,16723540,1678061679263,false
7104540,0.2009000,3490,16723541,16723544,1678061698431,true
7104541,0.2008000,1810,16723545,16723546,1678061698431,true
7104542,0.2009000,593,16723547,16723547,1678061702255,false
7104543,0.2008000,1444,16723548,16723549,1678061735102,true
7104544,0.2008000,3800,16723550,16723553,1678061741530,false
7104545,0.2008000,321,16723554,16723554,1678061741646,false
7104546,0.2009000,1075,16723555,16723557,1678061742467,false
7104547,0.2010000,3731,16723558,16723561,1678061762207,false
7104548,0.2011000,1098,16723562,16723563,1678061767834,false
7104549,0.2010000,3162,16723564,16723566,1678061779462,false
7104550,0.2011000,6940,16723567,16723570,1678061779462,false
7104551,0.2010000,1013,16723571,16723572,1678061783590,true
7104552,0.2009000,2685,16723573,16723574,1678061784135,true
7104553,0.2008000,1529,16723575,16723576,1678061787935,true
7104554,0.2007000,528,16723577,16723578,1678061792599,true
7104555,0.2005000,859,16723579,16723580,1678061798917,true
7104556,0.2004000,4178,16723581,16723585,1678061800424,true
7104557,0.2003000,6385,16723586,16723592,1678061800534,true
7104558,0.2005000,49,16723593,16723593,1678061800534,false
7104559,0.2003000,3372,16723594,16723597,1678061800546,true
7104560,0.2003000,768,16723598,16723598,1678061800783,true
7104561,0.2002000,2009,16723599,16723603,1678061801568,true
7104562,0.2001000,2200,16723604,16723606,1678061802410,true
7104563,0.2001000,53,16723607,16723607,1678061803683,true
7104564,0.2001000,934,16723608,16723609,1678061805162,false
7104565,0.2001000,99,16723610,16723611,1678061806040,true
7104566,0.2000000,10248,16723612,16723621,1678061806249,true
7104567,0.2000000,9897,16723622,16723624,1678061806481,true
7104568,0.2001000,50,16723625,16723625,1678061806574,false
7104569,0.2000000,8148,16723626,16723633,1678061806582,true
7104570,0.2000000,3468,16723634,16723636,1678061807840,false
7104571,0.2001000,1783,16723637,16723639,1678061810633,false
7104572,0.2002000,7335,16723640,16723643,1678061812223,false
7104573,0.2001000,945,16723644,16723645,1678061812854,true
7104574,0.2003000,173,16723646,16723646,1678061816085,false
7104575,0.2004000,1038,16723647,16723648,1678061817946,false
7104576,0.2005000,3166,16723649,16723651,1678061820170,false
7104577,0.2006000,1260,16723652,16723653,1678061820506,false
7104578,0.2006000,2322,16723654,16723656,1678061820962,true
7104579,0.2006000,1216,16723657,16723658,1678061821406,true
7104580,0.2005000,389,16723659,16723659,1678061822378,true
7104581,0.2005000,508,16723660,16723661,1678061822818,false
7104582,0.2004000,1496,16723662,16723663,1678061822825,true
7104583,0.2005000,508,16723664,16723664,1678061822928,false
7104584,0.2004000,765,16723665,16723665,1678061823033,true
7104585,0.2003000,610,16723666,16723666,1678061823848,true
7104586,0.2002000,1297,16723667,16723668,1678061823848,true
7104587,0.2003000,990,16723669,16723670,1678061824023,false
7104588,0.2005000,56,16723671,16723671,1678061836615,false
7104589,0.2005000,300,16723672,16723672,1678061862098,false
7104590,0.2004000,1026,16723673,16723674,1678061867653,true
7104591,0.2003000,6720,16723675,16723678,1678061867653,true
7104592,0.2002000,2624,16723679,16723681,1678061867662,true
7104593,0.2003000,3011,16723682,16723690,1678061870317,false
7104594,0.2003000,500,16723691,16723691,1678061877433,true
7104595,0.2002000,2337,16723692,16723697,1678061881437,false
7104596,0.2002000,2402,16723698,16723700,1678061886804,false
7104597,0.2003000,358,16723701,16723701,1678061888966,false
7104598,0.2004000,6933,16723702,16723706,1678061889286,false
7104599,0.2005000,4497,16723707,16723712,1678061891582,false
7104600,0.2006000,2864,16723713,16723713,1678061891582,false
7104601,0.2005000,500,16723714,16723714,1678061891747,true
7104602,0.2004000,2574,16723715,16723719,1678061891760,true
7104603,0.2003000,3120,16723720,16723724,1678061896247,true
7104604,0.2003000,1415,16723725,16723727,1678061896355,true
7104605,0.2003000,2978,16723728,16723728,1678061897050,false
7104606,0.2002000,4151,16723729,16723733,1678061906086,true
7104607,0.2002000,1747,16723734,16723736,1678061910077,false
7104608,0.2003000,375,16723737,16723737,1678061918100,false
7104609,0.2004000,399,16723738,16723738,1678061923201,false
7104610,0.2005000,6997,16723739,16723741,1678061936781,false
7104611,0.2005000,191,16723742,16723743,1678061936899,false
7104612,0.2006000,252,16723744,16723744,1678061936899,false
7104613,0.2006000,3675,16723745,16723750,1678061939097,true
7104614,0.2004000,7776,16723751,16723755,1678061940613,true
7104615,0.2003000,1113,16723756,16723757,1678061940701,true
7104616,0.2004000,399,16723758,16723758,1678061942097,false
7104617,0.2003000,2853,16723759,16723761,1678061951047,true
7104618,0.2003000,125,16723762,16723762,1678061952158,false
7104619,0.2003000,1466,16723763,16723765,1678061971951,false
7104620,0.2004000,6659,16723766,16723770,1678061974125,false
7104621,0.2005000,1007,16723771,16723772,1678061974208,false
7104622,0.2005000,60,16723773,16723773,1678061974983,true
7104623,0.2005000,1596,16723774,16723776,1678061976520,true
7104624,0.2005000,3748,16723777,16723780,1678061978579,false
7104625,0.2005000,2174,16723781,16723785,1678061978687,false
7104626,0.2005000,60,16723786,16723786,1678061979179,true
7104627,0.2006000,8044,16723787,16723793,1678061979196,false
7104628,0.2007000,669,16723794,16723794,1678061979386,false
7104629,0.2007000,4272,16723795,16723802,1678061979504,false
7104630,0.2007000,889,16723803,16723805,1678061979631,false
7104631,0.2007000,6764,16723806,16723808,1678061979752,false
7104632,0.2008000,11270,16723809,16723813,1678061979823,false
7104633,0.2009000,998,16723814,16723815,1678061979944,false
7104634,0.2009000,988,16723816,16723818,1678061980080,false
7104635,0.2010000,3418,16723819,16723824,1678061980080,false
7104636,0.2009000,500,16723825,16723826,1678061980147,true
7104637,0.2008000,1519,16723827,16723829,1678061980151,true
7104638,0.2008000,733,16723830,16723830,1678061983790,true
7104639,0.2009000,866,16723831,16723832,1678061988113,false
7104640,0.2010000,1862,16723833,16723838,1678061988462,true
7104641,0.2010000,2418,16723839,16723841,1678061989631,false
7104642,0.2010000,1158,16723842,16723843,1678061990058,true
7104643,0.2010000,384,16723844,16723844,1678061990317,true
7104644,0.2011000,707,16723845,16723846,1678061990607,true
7104645,0.2011000,6832,16723847,16723851,1678061990722,false
7104646,0.2011000,6040,16723852,16723857,1678061990733,true
7104647,0.2010000,9730,16723858,16723864,1678061991604,true
7104648,0.2009000,1105,16723865,16723866,1678061991651,true
7104649,0.2009000,7618,16723867,16723873,1678061992430,true
7104650,0.2009000,1054,16723874,16723874,1678061992590,true
7104651,0.2010000,1516,16723875,16723876,1678061993033,false
7104652,0.2010000,3136,16723877,16723878,1678061993813,false
7104653,0.2009000,973,16723879,16723880,1678061995282,true
7104654,0.2009000,500,16723881,16723881,1678061995593,false
7104655,0.2010000,4600,16723882,16723883,1678061998106,false
7104656,0.2011000,500,16723884,16723884,1678062002753,false
7104657,0.2012000,28,16723885,16723885,1678062002753,false
7104658,0.2011000,3583,16723886,16723888,1678062002811,true
7104659,0.2011000,2608,16723889,16723891,1678062003282,false
7104660,0.2012000,649,16723892,16723894,1678062003668,false
7104661,0.2012000,173,16723895,16723895,1678062003782,true
7104662,0.2012000,173,16723896,16723896,1678062003863,false
7104663,0.2013000,497,16723897,16723897,1678062003863,false
7104664,0.2013000,67,16723898,16723898,1678062004088,false
7104665,0.2012000,817,16723899,16723900,1678062010083,true
7104666,0.2012000,514,16723901,16723901,1678062010267,false
7104667,0.2012000,628,16723902,16723903,1678062010369,false
7104668,0.2012000,898,16723904,16723904,1678062021984,false
7104669,0.2012000,749,16723905,16723906,1678062022173,false
7104670,0.2012000,2692,16723907,16723908,1678062022332,false
7104671,0.2012000,3472,16723909,16723912,1678062030693,true
7104672,0.2012000,50,16723913,16723913,1678062033547,false
7104673,0.2012000,500,16723914,16723914,1678062036512,true
7104674,0.2011000,1137,16723915,16723916,1678062036552,true
7104675,0.2011000,3841,16723917,16723920,1678062036708,true
7104676,0.2010000,1169,16723921,16723922,1678062039870,true
7104677,0.2009000,4843,16723923,16723926,1678062040071,true
7104678,0.2009000,1266,16723927,16723928,1678062040280,false
7104679,0.2009000,3716,16723929,16723930,1678062041793,false
7104680,0.2009000,641,16723931,16723931,1678062047263,false
7104681,0.2010000,273,16723932,16723932,1678062051137,false
7104682,0.2009000,84,16723933,16723933,1678062060821,true
7104683,0.2010000,3445,16723934,16723935,1678062070127,false
7104684,0.2011000,266,16723936,16723936,1678062071549,false
7104685,0.2011000,17507,16723937,16723952,1678062071715,false
7104686,0.2011000,4320,16723953,16723957,1678062071821,false
7104687,0.2012000,295,16723958,16723958,1678062071940,false
7104688,0.2011000,60,16723959,16723959,1678062072047,true
7104689,0.2011000,60,16723960,16723960,1678062077374,true
7104690,0.2011000,2901,16723961,16723964,1678062077876,true
7104691,0.2011000,841,16723965,16723966,1678062078193,false
7104692,0.2011000,60,16723967,16723967,1678062078345,true
7104693,0.2010000,4613,16723968,16723971,1678062117421,false
7104694,0.2010000,3136,16723972,16723975,1678062162695,true
7104695,0.2011000,633,16723976,16723977,1678062189528,false
7104696,0.2012000,1241,16723978,16723981,1678062189528,false
7104697,0.2013000,601,16723982,16723982,1678062195905,false
7104698,0.2013000,500,16723983,16723984,1678062196030,false
7104699,0.2013000,60,16723985,16723985,1678062196443,true
7104700,0.2013000,5868,16723986,16723990,1678062197430,true
7104701,0.2013000,993,16723991,16723991,1678062197592,true
7104702,0.2013000,3614,16723992,16723995,1678062220278,false
7104703,0.2014000,8420,16723996,16724004,1678062220278,false
7104704,0.2013000,60,16724005,16724005,1678062220343,true
7104705,0.2013000,60,16724006,16724006,1678062220497,true
7104706,0.2014000,50,16724007,16724007,1678062221739,false
7104707,0.2015000,1293,16724008,16724010,1678062231043,false
7104708,0.2015000,60,16724011,16724011,1678062231212,true
7104709,0.2015000,60,16724012,16724013,1678062231915,true
7104710,0.2015000,90,16724014,16724014,1678062232401,true
7104711,0.2015000,3257,16724015,16724018,1678062232856,true
7104712,0.2014000,124,16724019,16724019,1678062234092,true
7104713,0.2014000,97,16724020,16724020,1678062238091,true
7104714,0.2014000,97,16724021,16724021,1678062240057,true
7104715,0.2015000,1981,16724022,16724025,1678062250291,false
7104716,0.2015000,60,16724026,16724026,1678062259426,true
7104717,0.2015000,210,16724027,16724027,1678062264065,true
7104718,0.2015000,209,16724028,16724028,1678062268110,true
7104719,0.2015000,210,16724029,16724029,1678062270089,true
7104720,0.2015000,2628,16724030,16724035,1678062270692,true
7104721,0.2014000,56,16724036,16724036,1678062271581,true
7104722,0.2015000,4307,16724037,16724041,1678062272008,false
7104723,0.2016000,141,16724042,16724042,1678062274530,false
7104724,0.2015000,56,16724043,16724043,1678062284672,true
7104725,0.2016000,500,16724044,16724047,1678062285367,false
7104726,0.2015000,5501,16724048,16724054,1678062289578,true
7104727,0.2014000,2754,16724055,16724059,1678062291406,true
7104728,0.2013000,56,16724060,16724060,1678062292770,true
7104729,0.2014000,4196,16724061,16724064,1678062295304,false
7104730,0.2015000,500,16724065,16724065,1678062299447,false
7104731,0.2016000,1557,16724066,16724067,1678062299494,false
7104732,0.2015000,56,16724068,16724068,1678062306880,true
7104733,0.2016000,2708,16724069,16724070,1678062316878,false
7104734,0.2016000,56,16724071,16724071,1678062319975,true
7104735,0.2017000,567,16724072,16724072,1678062321850,false
7104736,0.2016000,289,16724073,16724073,1678062324124,true
7104737,0.2016000,346,16724074,16724075,1678062328063,true
7104738,0.2016000,16324,16724076,16724095,1678062330031,true
7104739,0.2015000,208,16724096,16724096,1678062338042,true
7104740,0.2015000,1894,16724097,16724099,1678062355124,true
7104741,0.2015000,6265,16724100,16724103,1678062355310,false
7104742,0.2016000,1161,16724104,16724105,1678062360997,false
7104743,0.2016000,714,16724106,16724107,1678062366208,false
7104744,0.2016000,8570,16724108,16724113,1678062375802,false
7104745,0.2016000,53,16724114,16724114,1678062384126,true
7104746,0.2016000,53,16724115,16724115,1678062388108,true
7104747,0.2016000,53,16724116,16724116,1678062390091,true
7104748,0.2016000,56,16724117,16724117,1678062391081,true
7104749,0.2016000,54,16724118,16724118,1678062394085,true
7104750,0.2016000,75,16724119,16724119,1678062395083,true
7104751,0.2016000,51,16724120,16724120,1678062397045,true
7104752,0.2016000,7381,16724121,16724130,1678062398011,true
7104753,0.2016000,2472,16724131,16724132,1678062416265,false
7104754,0.2016000,18329,16724133,16724144,1678062419639,true
7104755,0.2017000,504,16724145,16724147,1678062420429,false
7104756,0.2017000,627,16724148,16724148,1678062423692,false
7104757,0.2017000,2788,16724149,16724150,1678062426149,false
7104758,0.2018000,8706,16724151,16724157,1678062426149,false
7104759,0.2017000,128,16724158,16724158,1678062428111,true
7104760,0.2017000,40,16724159,16724159,1678062429097,true
7104761,0.2017000,2576,16724160,16724164,1678062431716,true
7104762,0.2016000,53,16724165,16724165,1678062432072,true
7104763,0.2016000,48,16724166,16724166,1678062444115,true
7104764,0.2017000,4139,16724167,16724171,1678062447191,false
7104765,0.2018000,148,16724172,16724172,1678062447665,false
7104766,0.2017000,48,16724173,16724173,1678062448065,true
7104767,0.2017000,48,16724174,16724174,1678062450038,true
7104768,0.2017000,48,16724175,16724175,1678062451022,true
7104769,0.2017000,48,16724176,16724176,1678062454082,true
7104770,0.2017000,48,16724177,16724177,1678062455078,true
7104771,0.2017000,48,16724178,16724178,1678062457041,true
7104772,0.2018000,1338,16724179,16724180,1678062458016,false
7104773,0.2018000,48,16724181,16724181,1678062458045,true
7104774,0.2018000,198,16724182,16724182,1678062459115,true
7104775,0.2018000,199,16724183,16724183,1678062462089,true
7104776,0.2018000,103,16724184,16724185,1678062463069,true
7104777,0.2019000,35,16724186,16724187,1678062463159,false
7104778,0.2018000,6060,16724188,16724193,1678062463205,true
7104779,0.2019000,5747,16724194,16724200,1678062463362,false
7104780,0.2018000,88,16724201,16724201,1678062466030,true
7104781,0.2020000,27,16724202,16724202,1678062467381,false
7104782,0.2019000,121,16724203,16724203,1678062470081,true
7104783,0.2019000,92,16724204,16724204,1678062471057,true
7104784,0.2019000,90,16724205,16724205,1678062473052,true
7104785,0.2019000,150,16724206,16724206,1678062474132,true
7104786,0.2019000,98,16724207,16724208,1678062475105,true
7104787,0.2020000,4840,16724209,16724212,1678062476629,false
7104788,0.2020000,2587,16724213,16724215,1678062476753,false
7104789,0.2020000,242,16724216,16724216,1678062477075,true
7104790,0.2020000,301,16724217,16724217,1678062478131,true
7104791,0.2020000,301,16724218,16724218,1678062480056,true
7104792,0.2020000,302,16724219,16724219,1678062481050,true
7104793,0.2020000,4326,16724220,16724224,1678062482003,true
7104794,0.2019000,151,16724225,16724225,1678062484088,true
7104795,0.2019000,151,16724226,16724226,1678062485069,true
7104796,0.2020000,2873,16724227,16724229,1678062486008,false
7104797,0.2019000,150,16724230,16724230,1678062487044,true
7104798,0.2019000,151,16724231,16724231,1678062488036,true
7104799,0.2019000,769,16724232,16724232,1678062491788,true
7104800,0.2019000,40,16724233,16724233,1678062500071,true
7104801,0.2019000,9950,16724234,16724239,1678062500762,true
7104802,0.2019000,40,16724240,16724240,1678062501054,true
7104803,0.2020000,4992,16724241,16724243,1678062502943,false
7104804,0.2020000,191,16724244,16724244,1678062503084,true
7104805,0.2021000,6020,16724245,16724249,1678062503162,false
7104806,0.2021000,180,16724250,16724252,1678062503246,true
7104807,0.2021000,267,16724253,16724253,1678062504038,true
7104808,0.2021000,341,16724254,16724258,1678062504264,true
7104809,0.2021000,266,16724259,16724259,1678062505123,true
7104810,0.2021000,115,16724260,16724260,1678062507114,true
7104811,0.2022000,4249,16724261,16724266,1678062507228,false
7104812,0.2021000,116,16724267,16724267,1678062508077,true
7104813,0.2021000,103,16724268,16724268,1678062508405,true
7104814,0.2021000,115,16724269,16724269,1678062510044,true
7104815,0.2022000,9890,16724270,16724271,1678062510161,false
7104816,0.2023000,5250,16724272,16724274,1678062510161,false
7104817,0.2022000,115,16724275,16724275,1678062511024,true
7104818,0.2022000,266,16724276,16724276,1678062514088,true
7104819,0.2022000,266,16724277,16724277,1678062515070,true
7104820,0.2022000,267,16724278,16724279,1678062517055,true
7104821,0.2023000,491,16724280,16724280,1678062517402,false
7104822,0.2024000,4447,16724281,16724285,1678062517402,false
7104823,0.2023000,120,16724286,16724287,1678062517555,true
7104824,0.2023000,555,16724288,16724289,1678062518041,true
7104825,0.2023000,417,16724290,16724291,1678062519126,true
7104826,0.2024000,1027,16724292,16724293,1678062521898,false
7104827,0.2024000,581,16724294,16724296,1678062522149,true
7104828,0.2025000,2522,16724297,16724305,1678062522268,false
7104829,0.2025000,2739,16724306,16724310,1678062522312,true
7104830,0.2024000,60,16724311,16724311,1678062522360,true
7104831,0.2024000,418,16724312,16724312,1678062523090,true
7104832,0.2024000,443,16724313,16724313,1678062525059,true
7104833,0.2024000,417,16724314,16724315,1678062526045,true
7104834,0.2024000,377,16724316,16724316,1678062530100,true
7104835,0.2024000,377,16724317,16724317,1678062531077,true
7104836,0.2023000,226,16724318,16724318,1678062533063,true
7104837,0.2023000,150,16724319,16724319,1678062534069,true
7104838,0.2023000,150,16724320,16724320,1678062535044,true
7104839,0.2023000,151,16724321,16724321,1678062537122,true
7104840,0.2023000,150,16724322,16724322,1678062538114,true
7104841,0.2023000,151,16724323,16724323,1678062540091,true
7104842,0.2023000,151,16724324,16724324,1678062541063,true
7104843,0.2024000,718,16724325,16724326,1678062542673,false
7104844,0.2024000,765,16724327,16724328,1678062543211,false
7104845,0.2023000,151,16724329,16724329,1678062544046,true
7104846,0.2023000,150,16724330,16724330,1678062545032,true
7104847,0.2023000,150,16724331,16724331,1678062547112,true
7104848,0.2024000,278,16724332,16724332,1678062547573,false
7104849,0.2024000,35,16724333,16724333,1678062560119,true
7104850,0.2024000,35,16724334,16724334,1678062561101,true
7104851,0.2025000,494,16724335,16724336,1678062562561,false
7104852,0.2024000,35,16724337,16724337,1678062563126,true
7104853,0.2025000,1045,16724338,16724338,1678062563128,false
7104854,0.2026000,3223,16724339,16724342,1678062563128,false
7104855,0.2026000,60,16724343,16724343,1678062563311,true
7104856,0.2027000,2202,16724344,16724344,1678062563334,false
7104857,0.2026000,261,16724345,16724346,1678062564106,true
7104858,0.2026000,262,16724347,16724347,1678062565058,true
7104859,0.2026000,261,16724348,16724348,1678062567025,true
7104860,0.2026000,262,16724349,16724350,1678062568124,true
7104861,0.2026000,156,16724351,16724351,1678062570094,true
7104862,0.2026000,261,16724352,16724352,1678062571079,true
7104863,0.2027000,13096,16724353,16724358,1678062571287,false
7104864,0.2028000,4157,16724359,16724361,1678062571779,true
7104865,0.2028000,381,16724362,16724363,1678062571968,true
7104866,0.2028000,134,16724364,16724364,1678062572872,true
7104867,0.2028000,684,16724365,16724366,1678062574029,true
7104868,0.2028000,2348,16724367,16724373,1678062574717,true
7104869,0.2028000,412,16724374,16724374,1678062575120,true
7104870,0.2028000,412,16724375,16724375,1678062577090,true
7104871,0.2028000,412,16724376,16724377,1678062578087,true
7104872,0.2028000,155,16724378,16724378,1678062579060,true
7104873,0.2027000,72,16724379,16724379,1678062581046,true
7104874,0.2027000,261,16724380,16724380,1678062582120,true
7104875,0.2027000,261,16724381,16724381,1678062583111,true
7104876,0.2027000,261,16724382,16724382,1678062585078,true
7104877,0.2027000,261,16724383,16724383,1678062586060,true
7104878,0.2027000,226,16724384,16724384,1678062590130,true
7104879,0.2027000,226,16724385,16724385,1678062591117,true
7104880,0.2026000,226,16724386,16724386,1678062593091,true
7104881,0.2026000,10778,16724387,16724396,1678062602251,true
7104882,0.2026000,1677,16724397,16724399,1678062602831,false
7104883,0.2026000,1934,16724400,16724403,1678062602950,false
7104884,0.2026000,757,16724404,16724404,1678062603060,false
7104885,0.2026000,382,16724405,16724405,1678062603568,false
7104886,0.2027000,394,16724406,16724406,1678062603568,false
7104887,0.2027000,2113,16724407,16724409,1678062604418,false
7104888,0.2027000,767,16724410,16724410,1678062604523,false
7104889,0.2028000,632,16724411,16724412,1678062604523,false
7104890,0.2028000,677,16724413,16724413,1678062604681,false
7104891,0.2027000,70,16724414,16724414,1678062605886,true
7104892,0.2028000,697,16724415,16724415,1678062608266,false
7104893,0.2027000,106,16724416,16724416,1678062609100,true
7104894,0.2028000,842,16724417,16724418,1678062609836,false
7104895,0.2028000,852,16724419,16724419,1678062611009,false
7104896,0.2027000,2361,16724420,16724425,1678062617039,true
7104897,0.2027000,2073,16724426,16724428,1678062617155,true
7104898,0.2027000,757,16724429,16724429,1678062617217,false
7104899,0.2027000,863,16724430,16724430,1678062617219,true
7104900,0.2026000,60,16724431,16724431,1678062617269,true
7104901,0.2027000,801,16724432,16724433,1678062618587,false
7104902,0.2028000,1293,16724434,16724434,1678062618660,false
7104903,0.2028000,180,16724435,16724437,1678062618662,true
7104904,0.2028000,150,16724438,16724438,1678062620057,true
7104905,0.2029000,1592,16724439,16724444,1678062622716,false
7104906,0.2028000,297,16724445,16724445,1678062623901,true
7104907,0.2028000,188,16724446,16724446,1678062624227,true
7104908,0.2028000,364,16724447,16724448,1678062626770,true
7104909,0.2029000,1343,16724449,16724451,1678062627742,false
7104910,0.2028000,500,16724452,16724453,1678062629453,true
7104911,0.2029000,458,16724454,16724455,1678062633005,true
7104912,0.2030000,1680,16724456,16724463,1678062633543,false
7104913,0.2030000,604,16724464,16724466,1678062633814,true
7104914,0.2030000,1608,16724467,16724468,1678062633958,true
7104915,0.2031000,2773,16724469,16724474,1678062634084,false
7104916,0.2032000,101,16724475,16724475,1678062634084,false
7104917,0.2031000,218,16724476,16724476,1678062634225,true
7104918,0.2031000,121,16724477,16724477,1678062634393,true
7104919,0.2031000,1570,16724478,16724480,1678062634630,true
7104920,0.2031000,2079,16724481,16724481,1678062635784,true
7104921,0.2030000,34,16724482,16724482,1678062643047,true
7104922,0.2031000,47,16724483,16724483,1678062643142,false
7104923,0.2030000,3228,16724484,16724485,1678062659928,true
7104924,0.2029000,2055,16724486,16724488,1678062660018,true
7104925,0.2029000,60,16724489,16724489,1678062660123,true
7104926,0.2029000,1111,16724490,16724491,1678062670118,false
7104927,0.2029000,8249,16724492,16724500,1678062673790,false
7104928,0.2030000,11455,16724501,16724508,1678062673790,false
7104929,0.2029000,4580,16724509,16724512,1678062675133,true
7104930,0.2029000,89,16724513,16724513,1678062695582,false
7104931,0.2029000,71,16724514,16724514,1678062697004,false
7104932,0.2029000,595,16724515,16724516,1678062704441,true
7104933,0.2030000,4305,16724517,16724520,1678062706955,false
7104934,0.2030000,120,16724521,16724522,1678062706986,true
7104935,0.2030000,246,16724523,16724523,1678062716040,true
7104936,0.2030000,3815,16724524,16724525,1678062717916,true
7104937,0.2030000,215,16724526,16724526,1678062720747,false
7104938,0.2029000,5153,16724527,16724532,1678062722248,true
7104939,0.2029000,1986,16724533,16724535,1678062722858,true
7104940,0.2028000,3321,16724536,16724538,1678062735136,true
7104941,0.2028000,39,16724539,16724539,1678062736238,true
7104942,0.2028000,3893,16724540,16724541,1678062745125,true
7104943,0.2028000,4338,16724542,16724543,1678062750613,true
7104944,0.2027000,242,16724544,16724544,1678062750613,true
7104945,0.2027000,4122,16724545,16724548,1678062765131,true
7104946,0.2027000,2318,16724549,16724550,1678062775060,true
7104947,0.2027000,5000,16724551,16724555,1678062776057,false
7104948,0.2027000,613,16724556,16724556,1678062781372,false
7104949,0.2027000,613,16724557,16724557,1678062781565,false
7104950,0.2026000,4128,16724558,16724562,1678062781626,true
7104951,0.2026000,3995,16724563,16724564,1678062782951,true
7104952,0.2025000,6485,16724565,16724569,1678062782951,true
7104953,0.2026000,654,16724570,16724571,1678062783164,false
7104954,0.2026000,654,16724572,16724572,1678062784020,false
7104955,0.2026000,2440,16724573,16724574,1678062787001,false
7104956,0.2026000,604,16724575,16724576,1678062792384,true
7104957,0.2026000,5141,16724577,16724580,1678062795255,true
7104958,0.2025000,19538,16724581,16724584,1678062795255,true
7104959,0.2026000,5534,16724585,16724591,1678062800305,false
7104960,0.2026000,1363,16724592,16724593,1678062808875,true
7104961,0.2025000,1862,16724594,16724594,1678062810145,true
7104962,0.2024000,3298,16724595,16724597,1678062810145,true
7104963,0.2024000,10330,16724598,16724601,1678062823749,true
7104964,0.2023000,14620,16724602,16724609,1678062823749,true
7104965,0.2023000,5331,16724610,16724612,1678062832347,true
7104966,0.2022000,3362,16724613,16724616,1678062832356,true
7104967,0.2022000,2548,16724617,16724620,1678062839303,true
7104968,0.2022000,2737,16724621,16724623,1678062839320,false
7104969,0.2023000,964,16724624,16724625,1678062842058,false
7104970,0.2023000,4638,16724626,16724629,1678062842257,true
7104971,0.2023000,2229,16724630,16724634,1678062842753,false
7104972,0.2024000,1654,16724635,16724637,1678062843499,false
7104973,0.2024000,2269,16724638,16724639,1678062858436,false
7104974,0.2025000,1981,16724640,16724641,1678062864466,false
7104975,0.2025000,4598,16724642,16724645,1678062870143,true
7104976,0.2026000,3000,16724646,16724649,1678062871810,false
7104977,0.2026000,500,16724650,16724650,1678062871908,true
7104978,0.2025000,1500,16724651,16724651,1678062871908,true
7104979,0.2027000,5946,16724652,16724655,1678062879103,false
7104980,0.2027000,958,16724656,16724657,1678062879210,false
7104981,0.2027000,584,16724658,16724658,1678062879325,false
7104982,0.2027000,2876,16724659,16724659,1678062879523,false
7104983,0.2028000,1035,16724660,16724660,1678062900242,false
7104984,0.2028000,494,16724661,16724661,1678062904493,false
7104985,0.2029000,1179,16724662,16724663,1678062904493,false
7104986,0.2028000,10225,16724664,16724678,1678062918800,true
7104987,0.2028000,2736,16724679,16724683,1678062918906,true
7104988,0.2027000,77,16724684,16724684,1678062921042,true
7104989,0.2028000,3649,16724685,16724686,1678062922237,false
7104990,0.2028000,3685,16724687,16724690,1678062922463,false
7104991,0.2028000,229,16724691,16724691,1678062923119,true
7104992,0.2028000,191,16724692,16724692,1678062924127,true
7104993,0.2028000,225,16724693,16724694,1678062925090,true
7104994,0.2028000,229,16724695,16724695,1678062927059,true
7104995,0.2028000,233,16724696,16724696,1678062928060,true
7104996,0.2028000,68,16724697,16724697,1678062930146,true
7104997,0.2028000,230,16724698,16724699,1678062931109,true
7104998,0.2028000,80,16724700,16724700,1678062934064,true
7104999,0.2028000,75,16724701,16724701,1678062935046,true
7105000,0.2028000,76,16724702,16724702,1678062937124,true
7105001,0.2028000,82,16724703,16724703,1678062938116,true
7105002,0.2028000,228,16724704,16724704,1678062939088,true
7105003,0.2028000,2786,16724705,16724708,1678062940561,true
7105004,0.2027000,73,16724709,16724709,1678062941097,true
7105005,0.2027000,80,16724710,16724710,1678062942063,true
7105006,0.2027000,75,16724711,16724711,1678062943043,true
7105007,0.2027000,73,16724712,16724712,1678062945125,true
7105008,0.2027000,79,16724713,16724713,1678062946108,true
7105009,0.2028000,3084,16724714,16724717,1678062947448,false
7105010,0.2028000,2116,16724718,16724718,1678062947570,false
7105011,0.2029000,120,16724719,16724720,1678062949360,true
7105012,0.2029000,60,16724721,16724721,1678062949671,true
7105013,0.2029000,186,16724722,16724723,1678062950052,true
7105014,0.2029000,115,16724724,16724724,1678062950156,true
7105015,0.2029000,151,16724725,16724725,1678062951034,true
7105016,0.2029000,3000,16724726,16724727,1678062952277,true
7105017,0.2029000,3593,16724728,16724731,1678062959755,true
7105018,0.2028000,4326,16724732,16724735,1678062962254,true
7105019,0.2027000,38,16724736,16724736,1678062962254,true
7105020,0.2028000,914,16724737,16724738,1678062962262,false
7105021,0.2028000,767,16724739,16724739,1678062962476,false
7105022,0.2029000,457,16724740,16724740,1678062962903,false
7105023,0.2030000,190,16724741,16724741,1678062962903,false
7105024,0.2029000,99,16724742,16724742,1678062966863,true
7105025,0.2029000,261,16724743,16724744,1678062969972,false
7105026,0.2028000,151,16724745,16724745,1678062971095,true
7105027,0.2028000,151,16724746,16724746,1678062972080,true
7105028,0.2028000,151,16724747,16724747,1678062973083,true
7105029,0.2029000,2354,16724748,16724750,1678062974865,false
7105030,0.2029000,60,16724751,16724751,1678062974898,true
7105031,0.2029000,152,16724752,16724752,1678062975049,true
7105032,0.2029000,151,16724753,16724753,1678062976036,true
7105033,0.2029000,234,16724754,16724754,1678062982160,true
7105034,0.2029000,242,16724755,16724755,1678062982479,true
7105035,0.2029000,713,16724756,16724756,1678062984182,true
7105036,0.2029000,6027,16724757,16724762,1678062988383,true
7105037,0.2028000,4141,16724763,16724765,1678062988618,true
7105038,0.2028000,500,16724766,16724766,1678062989200,false
7105039,0.2028000,4419,16724767,16724771,1678062990136,true
7105040,0.2029000,1252,16724772,16724774,1678062998112,false
7105041,0.2029000,1472,16724775,16724776,1678062998226,false
7105042,0.2029000,399,16724777,16724778,1678063001078,true
7105043,0.2029000,2587,16724779,16724784,1678063019372,false
7105044,0.2029000,2000,16724785,16724786,1678063019553,true
7105045,0.2029000,3927,16724787,16724789,1678063022258,true
7105046,0.2029000,4364,16724790,16724793,1678063035125,true
7105047,0.2029000,54,16724794,16724794,1678063037419,true
7105048,0.2029000,50,16724795,16724795,1678063046514,true
7105049,0.2030000,5355,16724796,16724804,1678063047979,false
7105050,0.2030000,287,16724805,16724806,1678063048160,true
7105051,0.2030000,3535,16724807,16724811,1678063050137,true
7105052,0.2030000,121,16724812,16724813,1678063051079,true
7105053,0.2030000,120,16724814,16724814,1678063054064,true
7105054,0.2030000,50,16724815,16724815,1678063054604,true
7105055,0.2030000,121,16724816,16724816,1678063055143,true
7105056,0.2030000,121,16724817,16724817,1678063057118,true
7105057,0.2031000,49,16724818,16724818,1678063057806,false
7105058,0.2030000,121,16724819,16724819,1678063058150,true
7105059,0.2030000,121,16724820,16724820,1678063059092,true
7105060,0.2030000,11875,16724821,16724828,1678063061092,true
7105061,0.2028000,50,16724829,16724829,1678063065715,true
7105062,0.2028000,50,16724830,16724830,1678063077811,true
7105063,0.2028000,5157,16724831,16724833,1678063082250,true
7105064,0.2029000,510,16724834,16724835,1678063083359,false
7105065,0.2028000,50,16724836,16724836,1678063085904,true
7105066,0.2029000,50,16724837,16724837,1678063094012,true
7105067,0.2029000,4585,16724838,16724839,1678063095132,true
7105068,0.2029000,3873,16724840,16724841,1678063110138,true
7105069,0.2028000,1284,16724842,16724842,1678063110138,true
7105070,0.2029000,4263,16724843,16724849,1678063115819,false
7105071,0.2029000,891,16724850,16724851,1678063115927,false
7105072,0.2029000,1154,16724852,16724853,1678063125144,true
7105073,0.2028000,2972,16724854,16724856,1678063125144,true
7105074,0.2028000,2685,16724857,16724857,1678063142214,true
7105075,0.2027000,4756,16724858,16724863,1678063142276,true
7105076,0.2028000,921,16724864,16724865,1678063143469,false
7105077,0.2027000,3536,16724866,16724867,1678063155135,true
7105078,0.2027000,5835,16724868,16724874,1678063157376,true
7105079,0.2026000,29,16724875,16724875,1678063158371,true
7105080,0.2026000,3123,16724876,16724882,1678063168565,false
7105081,0.2026000,3929,16724883,16724885,1678063170146,true
7105082,0.2026000,898,16724886,16724887,1678063178239,false
7105083,0.2026000,4421,16724888,16724891,1678063185136,true
7105084,0.2026000,641,16724892,16724894,1678063192129,false
7105085,0.2027000,1036,16724895,16724896,1678063200363,false
7105086,0.2027000,526,16724897,16724897,1678063202801,false
7105087,0.2027000,1524,16724898,16724899,1678063202904,false
7105088,0.2027000,160,16724900,16724900,1678063204304,true
7105089,0.2028000,958,16724901,16724901,1678063204387,false
7105090,0.2028000,50,16724902,16724902,1678063204719,false
7105091,0.2028000,817,16724903,16724904,1678063205706,false
7105092,0.2028000,150,16724905,16724905,1678063208246,false
7105093,0.2028000,514,16724906,16724906,1678063210359,false
7105094,0.2028000,970,16724907,16724907,1678063218933,false
7105095,0.2027000,264,16724908,16724908,1678063220086,true
7105096,0.2027000,261,16724909,16724910,1678063221083,true
7105097,0.2028000,2993,16724911,16724913,1678063222506,false
7105098,0.2028000,5791,16724914,16724918,1678063222781,false
7105099,0.2027000,262,16724919,16724919,1678063223056,true
7105100,0.2027000,309,16724920,16724920,1678063224067,true
7105101,0.2028000,224,16724921,16724923,1678063224122,true
7105102,0.2027000,257,16724924,16724925,1678063225023,true
7105103,0.2027000,261,16724926,16724926,1678063227107,true
7105104,0.2027000,265,16724927,16724927,1678063228091,true
7105105,0.2027000,496,16724928,16724929,1678063230084,true
7105106,0.2027000,141,16724930,16724930,1678063231074,true
7105107,0.2028000,2392,16724931,16724933,1678063232491,false
7105108,0.2027000,143,16724934,16724934,1678063234116,true
7105109,0.2027000,137,16724935,16724935,1678063235112,true
7105110,0.2028000,283,16724936,16724936,1678063236143,false
7105111,0.2027000,138,16724937,16724937,1678063237099,true
7105112,0.2027000,144,16724938,16724938,1678063238087,true
7105113,0.2027000,139,16724939,16724939,1678063239080,true
7105114,0.2027000,14891,16724940,16724947,1678063240260,true
7105115,0.2026000,10272,16724948,16724956,1678063240415,true
7105116,0.2025000,60,16724957,16724957,1678063240585,true
7105117,0.2025000,59,16724958,16724958,1678063241050,true
7105118,0.2025000,188,16724959,16724960,1678063242039,true
7105119,0.2025000,183,16724961,16724962,1678063243073,true
7105120,0.2025000,180,16724963,16724963,1678063245097,true
7105121,0.2025000,187,16724964,16724964,1678063246083,true
7105122,0.2025000,86,16724965,16724965,1678063249042,true
7105123,0.2025000,2548,16724966,16724967,1678063257819,true
7105124,0.2025000,7031,16724968,16724969,1678063262268,true
7105125,0.2025000,544,16724970,16724970,1678063262694,true
7105126,0.2026000,49,16724971,16724971,1678063263276,false
7105127,0.2025000,5378,16724972,16724973,1678063275138,true
7105128,0.2025000,4591,16724974,16724974,1678063290139,true
7105129,0.2025000,98,16724975,16724975,1678063317192,true
7105130,0.2025000,3345,16724976,16724978,1678063322244,true
7105131,0.2026000,346,16724979,16724979,1678063345397,false
7105132,0.2025000,3935,16724980,16724982,1678063350158,true
7105133,0.2025000,1200,16724983,16724984,1678063365565,true
7105134,0.2026000,7604,16724985,16724999,1678063369977,false
7105135,0.2027000,1906,16725000,16725002,1678063370872,false
7105136,0.2026000,74,16725003,16725003,1678063381534,true
7105137,0.2026000,4423,16725004,16725008,1678063382274,true
7105138,0.2026000,4236,16725009,16725009,1678063385654,true
7105139,0.2025000,247,16725010,16725010,1678063385724,true
7105140,0.2024000,3538,16725011,16725012,1678063395137,true
7105141,0.2024000,460,16725013,16725013,1678063397926,true
7105142,0.2023000,455,16725014,16725014,1678063397926,true
7105143,0.2024000,3876,16725015,16725019,1678063398520,false
7105144,0.2025000,9961,16725020,16725026,1678063399525,false
7105145,0.2025000,4368,16725027,16725030,1678063410129,true
7105146,0.2025000,2486,16725031,16725034,1678063442753,true
7105147,0.2024000,699,16725035,16725037,1678063443274,true
7105148,0.2023000,705,16725038,16725039,1678063443452,true
7105149,0.2023000,4136,16725040,16725043,1678063502252,true
7105150,0.2024000,526,16725044,16725045,1678063508197,false
7105151,0.2023000,5106,16725046,16725050,1678063515134,true
7105152,0.2024000,565,16725051,16725051,1678063522452,false
7105153,0.2024000,678,16725052,16725052,1678063523408,false
7105154,0.2023000,5170,16725053,16725058,1678063530231,true
7105155,0.2023000,198,16725059,16725059,1678063536614,true
7105156,0.2023000,4547,16725060,16725064,1678063543526,true
7105157,0.2023000,111,16725065,16725065,1678063545792,true
7105158,0.2023000,171,16725066,16725066,1678063547147,true
7105159,0.2022000,494,16725067,16725067,1678063550456,true
7105160,0.2021000,50,16725068,16725068,1678063561683,true
7105161,0.2021000,1145,16725069,16725072,1678063563062,true
7105162,0.2020000,572,16725073,16725074,1678063563747,true
7105163,0.2020000,236,16725075,16725076,1678063573929,true
7105164,0.2019000,837,16725077,16725080,1678063573929,true
7105165,0.2019000,7181,16725081,16725084,1678063576154,true
7105166,0.2018000,1617,16725085,16725089,1678063576154,true
7105167,0.2018000,7549,16725090,16725095,1678063590674,true
7105168,0.2017000,12155,16725096,16725101,1678063590674,true
7105169,0.2018000,368,16725102,16725102,1678063590710,false
7105170,0.2017000,872,16725103,16725103,1678063594910,true
7105171,0.2017000,3406,16725104,16725106,1678063597052,true
7105172,0.2017000,1205,16725107,16725108,1678063597569,false
7105173,0.2018000,1616,16725109,16725111,1678063602381,false
7105174,0.2019000,2037,16725112,16725112,1678063609211,false
7105175,0.2019000,861,16725113,16725113,1678063610306,false
7105176,0.2018000,4605,16725114,16725117,1678063635141,true
7105177,0.2018000,2729,16725118,16725119,1678063637561,true
7105178,0.2018000,224,16725120,16725120,1678063647663,false
7105179,0.2018000,1412,16725121,16725123,1678063655029,false
7105180,0.2019000,283,16725124,16725124,1678063660075,false
7105181,0.2019000,374,16725125,16725125,1678063664492,false
7105182,0.2018000,787,16725126,16725126,1678063679144,true
7105183,0.2018000,5119,16725127,16725131,1678063682690,true
7105184,0.2019000,263,16725132,16725132,1678063701798,false
7105185,0.2019000,75,16725133,16725133,1678063707439,false
7105186,0.2018000,7488,16725134,16725139,1678063710149,true
7105187,0.2018000,55,16725140,16725140,1678063731896,false
7105188,0.2017000,1840,16725141,16725143,1678063742284,true
7105189,0.2016000,2109,16725144,16725148,1678063742284,true
7105190,0.2017000,500,16725149,16725149,1678063752535,false
7105191,0.2017000,231,16725150,16725150,1678063755016,true
7105192,0.2017000,4388,16725151,16725155,1678063755124,true
7105193,0.2017000,85,16725156,16725156,1678063764478,false
7105194,0.2016000,860,16725157,16725157,1678063770129,true
7105195,0.2015000,2003,16725158,16725165,1678063770129,true
7105196,0.2015000,3554,16725166,16725167,1678063785149,true
7105197,0.2016000,222,16725168,16725168,1678063790024,false
7105198,0.2016000,997,16725169,16725170,1678063798275,false
7105199,0.2017000,1038,16725171,16725172,1678063800237,false
7105200,0.2016000,4447,16725173,16725180,1678063802291,true
7105201,0.2017000,618,16725181,16725181,1678063802666,false
7105202,0.2017000,1250,16725182,16725183,1678063804348,false
7105203,0.2017000,3014,16725184,16725185,1678063806413,false
7105204,0.2018000,1600,16725186,16725187,1678063806692,false
7105205,0.2018000,2942,16725188,16725190,1678063806872,false
7105206,0.2019000,403,16725191,16725192,1678063822173,false
7105207,0.2018000,10083,16725193,16725203,1678063830148,true
7105208,0.2017000,39,16725204,16725204,1678063844622,false
7105209,0.2016000,10687,16725205,16725213,1678063847891,true
7105210,0.2015000,610,16725214,16725215,1678063848060,true
7105211,0.2015000,869,16725216,16725218,1678063848332,true
7105212,0.2015000,10521,16725219,16725225,1678063854419,false
7105213,0.2014000,4015,16725226,16725229,1678063862254,true
7105214,0.2013000,1111,16725230,16725231,1678063862254,true
7105215,0.2013000,2475,16725232,16725236,1678063867494,true
7105216,0.2012000,5190,16725237,16725242,1678063890136,true
7105217,0.2012000,4126,16725243,16725247,1678063890419,false
7105218,0.2012000,56,16725248,16725248,1678063891151,true
7105219,0.2013000,1753,16725249,16725252,1678063901702,false
7105220,0.2014000,649,16725253,16725254,1678063913746,false
7105221,0.2014000,25,16725255,16725255,1678063915806,true
7105222,0.2014000,133,16725256,16725256,1678063924619,true
7105223,0.2013000,2759,16725257,16725259,1678063935142,true
7105224,0.2012000,2434,16725260,16725262,1678063935142,true
7105225,0.2012000,3591,16725263,16725265,1678063950133,true
7105226,0.2011000,1538,16725266,16725267,1678063950133,true
7105227,0.2011000,8660,16725268,16725273,1678063956113,true
7105228,0.2010000,21318,16725274,16725283,1678063956113,true
7105229,0.2009000,10685,16725284,16725292,1678063956131,true
7105230,0.2008000,21901,16725293,16725301,1678063956206,true
7105231,0.2007000,886,16725302,16725303,1678063956296,true
7105232,0.2008000,10276,16725304,16725310,1678063956884,false
7105233,0.2009000,52,16725311,16725311,1678063961180,false
7105234,0.2011000,3355,16725312,16725316,1678063982248,true
7105235,0.2011000,4268,16725317,16725319,1678063999166,true
7105236,0.2011000,2868,16725320,16725323,1678064006872,true
7105237,0.2010000,3934,16725324,16725327,1678064010128,true
7105238,0.2010000,21048,16725328,16725333,1678064019716,true
7105239,0.2009000,9006,16725334,16725340,1678064019739,true
7105240,0.2009000,1993,16725341,16725342,1678064024400,false
7105241,0.2010000,25,16725343,16725343,1678064039993,false
7105242,0.2009000,5203,16725344,16725348,1678064042269,true
7105243,0.2009000,538,16725349,16725350,1678064042740,true
7105244,0.2009000,920,16725351,16725351,1678064044071,true
7105245,0.2009000,25,16725352,16725352,1678064045991,true
7105246,0.2009000,3021,16725353,16725356,1678064055142,true
7105247,0.2008000,1142,16725357,16725358,1678064055142,true
7105248,0.2009000,2586,16725359,16725361,1678064055161,false
7105249,0.2009000,109,16725362,16725362,1678064061981,false
7105250,0.2009000,1289,16725363,16725365,1678064065234,false
7105251,0.2009000,2239,16725366,16725368,1678064067912,true
7105252,0.2009000,1654,16725369,16725371,1678064070149,true
7105253,0.2008000,2971,16725372,16725373,1678064070149,true
7105254,0.2009000,264,16725374,16725374,1678064083065,false
7105255,0.2009000,910,16725375,16725376,1678064086966,false
7105256,0.2008000,78,16725377,16725377,1678064099949,true
7105257,0.2008000,4508,16725378,16725380,1678064102256,true
7105258,0.2007000,1445,16725381,16725384,1678064102256,true
7105259,0.2007000,78,16725385,16725385,1678064108127,true
7105260,0.2008000,125,16725386,16725386,1678064108190,false
7105261,0.2008000,859,16725387,16725388,1678064108430,false
7105262,0.2008000,140,16725389,16725389,1678064115126,true
7105263,0.2007000,3696,16725390,16725392,1678064115126,true
7105264,0.2007000,78,16725393,16725394,1678064118252,true
7105265,0.2008000,2671,16725395,16725397,1678064120482,false
7105266,0.2008000,1291,16725398,16725400,1678064121458,true
7105267,0.2008000,309,16725401,16725401,1678064122553,true
7105268,0.2008000,78,16725402,16725402,1678064127447,true
7105269,0.2008000,5291,16725403,16725404,1678064130132,true
7105270,0.2007000,78,16725405,16725405,1678064136618,true
7105271,0.2007000,4762,16725406,16725406,1678064145139,true
7105272,0.2007000,78,16725407,16725407,1678064148735,true
7105273,0.2007000,116,16725408,16725408,1678064152924,true
7105274,0.2007000,1543,16725409,16725409,1678064154301,true
7105275,0.2007000,9663,16725410,16725417,1678064156600,false
7105276,0.2007000,78,16725418,16725418,1678064158893,true
7105277,0.2007000,122,16725419,16725419,1678064160727,true
7105278,0.2007000,340,16725420,16725420,1678064161753,true
7105279,0.2007000,4764,16725421,16725427,1678064162278,true
7105280,0.2007000,2733,16725428,16725431,1678064170562,false
7105281,0.2007000,120,16725432,16725432,1678064172832,true
7105282,0.2008000,1879,16725433,16725436,1678064174489,false
7105283,0.2008000,5329,16725437,16725439,1678064174619,false
7105284,0.2008000,5956,16725440,16725445,1678064175135,true
7105285,0.2008000,120,16725446,16725446,1678064185973,true
7105286,0.2008000,1871,16725447,16725449,1678064198208,true
7105287,0.2007000,120,16725450,16725450,1678064208395,true
7105288,0.2008000,4514,16725451,16725455,1678064209909,false
7105289,0.2008000,120,16725456,16725456,1678064215497,true
7105290,0.2008000,5292,16725457,16725461,1678064222267,true
7105291,0.2008000,498,16725462,16725462,1678064223827,true
7105292,0.2007000,525,16725463,16725464,1678064223827,true
7105293,0.2007000,120,16725465,16725465,1678064229195,true
7105294,0.2007000,98,16725466,16725466,1678064235901,true
7105295,0.2007000,488,16725467,16725468,1678064237712,true
7105296,0.2007000,8308,16725469,16725472,1678064239538,true
7105297,0.2006000,3836,16725473,16725481,1678064250133,true
7105298,0.2007000,2779,16725482,16725487,1678064263322,false
7105299,0.2007000,8036,16725488,16725496,1678064282259,true
7105300,0.2006000,860,16725497,16725497,1678064283654,true
7105301,0.2007000,699,16725498,16725499,1678064292151,false
7105302,0.2006000,4765,16725500,16725503,1678064295141,true
7105303,0.2006000,2154,16725504,16725507,1678064310146,true
7105304,0.2005000,3140,16725508,16725512,1678064310146,true
7105305,0.2005000,66,16725513,16725513,1678064311468,true
7105306,0.2006000,997,16725514,16725515,1678064318869,false
7105307,0.2005000,39,16725516,16725516,1678064319244,true
7105308,0.2005000,61,16725517,16725517,1678064321661,true
7105309,0.2006000,61,16725518,16725518,1678064331756,true
7105310,0.2007000,996,16725519,16725519,1678064334893,false
7105311,0.2006000,2681,16725520,16725524,1678064335759,true
7105312,0.2007000,10351,16725525,16725532,1678064343397,false
7105313,0.2008000,996,16725533,16725534,1678064343703,false
7105314,0.2007000,61,16725535,16725535,1678064344861,true
7105315,0.2007000,61,16725536,16725536,1678064358970,true
7105316,0.2007000,7010,16725537,16725545,1678064370145,true
7105317,0.2006000,61,16725546,16725546,1678064371222,true
7105318,0.2006000,61,16725547,16725547,1678064379394,true
7105319,0.2006000,6621,16725548,16725552,1678064385133,true
7105320,0.2006000,2130,16725553,16725554,1678064395143,true
7105321,0.2005000,881,16725555,16725557,1678064396240,true
7105322,0.2006000,1132,16725558,16725558,1678064403187,false
7105323,0.2005000,575,16725559,16725559,1678064404057,true
7105324,0.2005000,1160,16725560,16725561,1678064404570,true
7105325,0.2006000,835,16725562,16725563,1678064405529,false
7105326,0.2006000,2462,16725564,16725571,1678064405733,false
7105327,0.2006000,708,16725572,16725572,1678064407892,false
7105328,0.2007000,2599,16725573,16725576,1678064407892,false
7105329,0.2007000,674,16725577,16725577,1678064409146,false
7105330,0.2007000,1115,16725578,16725579,1678064410654,false
7105331,0.2006000,89,16725580,16725580,1678064414697,true
7105332,0.2007000,2737,16725581,16725585,1678064414758,false
7105333,0.2008000,1845,16725586,16725587,1678064414798,false
7105334,0.2007000,3898,16725588,16725593,1678064415814,true
7105335,0.2006000,25,16725594,16725594,1678064421547,true
7105336,0.2006000,1357,16725595,16725596,1678064422389,true
7105337,0.2006000,84,16725597,16725597,1678064422883,true
7105338,0.2007000,568,16725598,16725599,1678064423930,false
7105339,0.2006000,66,16725600,16725601,1678064425654,true
7105340,0.2007000,2353,16725602,16725605,1678064431914,false
7105341,0.2006000,63,16725606,16725606,1678064432849,true
7105342,0.2007000,8002,16725607,16725639,1678064433351,false
7105343,0.2008000,8945,16725640,16725667,1678064433351,false
7105344,0.2007000,84,16725668,16725668,1678064435987,true
7105345,0.2007000,63,16725669,16725669,1678064444974,true
7105346,0.2007000,84,16725670,16725670,1678064447084,true
7105347,0.2007000,10407,16725671,16725681,1678064451955,true
7105348,0.2007000,63,16725682,16725682,1678064453166,true
7105349,0.2007000,84,16725683,16725683,1678064455257,true
7105350,0.2007000,1258,16725684,16725686,1678064455911,true
7105351,0.2006000,6514,16725687,16725691,1678064461940,true
7105352,0.2005000,604,16725692,16725693,1678064462834,true
7105353,0.2004000,2798,16725694,16725698,1678064463282,true
7105354,0.2004000,4215,16725699,16725703,1678064463367,false
7105355,0.2003000,63,16725704,16725704,1678064465335,true
7105356,0.2003000,12144,16725705,16725708,1678064466529,true
7105357,0.2002000,2077,16725709,16725715,1678064466701,true
7105358,0.2002000,378,16725716,16725716,1678064466919,false
7105359,0.2001000,84,16725717,16725717,1678064467367,true
7105360,0.2002000,1131,16725718,16725720,1678064469800,false
7105361,0.2002000,63,16725721,16725721,1678064476444,true
7105362,0.2002000,1573,16725722,16725724,1678064477280,true
7105363,0.2001000,9244,16725725,16725725,1678064477280,true
7105364,0.2001000,84,16725726,16725726,1678064480059,true
7105365,0.2001000,63,16725727,16725727,1678064486706,true
7105366,0.2002000,8978,16725728,16725734,1678064488311,false
7105367,0.2002000,4215,16725735,16725740,1678064490648,true
7105368,0.2001000,3120,16725741,16725741,1678064490649,true
7105369,0.2002000,1297,16725742,16725746,1678064499307,false
7105370,0.2001000,13290,16725747,16725751,1678064503756,true
7105371,0.2000000,11938,16725752,16725760,1678064503756,true
7105372,0.1999000,250,16725761,16725761,1678064503790,true
7105373,0.1999000,13100,16725762,16725774,1678064506189,true
7105374,0.2000000,32,16725775,16725775,1678064506189,false
7105375,0.1999000,5377,16725776,16725777,1678064506211,true
7105376,0.1998000,2503,16725778,16725786,1678064508147,true
7105377,0.1997000,10713,16725787,16725794,1678064508147,true
7105378,0.1997000,1276,16725795,16725796,1678064508211,false
7105379,0.1998000,3983,16725797,16725802,1678064508211,false
7105380,0.1997000,4243,16725803,16725806,1678064508386,true
7105381,0.1996000,4694,16725807,16725810,1678064508386,true
7105382,0.1997000,500,16725811,16725811,1678064508399,false
7105383,0.1998000,12826,16725812,16725816,1678064508909,false
7105384,0.1998000,9014,16725817,16725822,1678064509132,true
7105385,0.1997000,1507,16725823,16725824,1678064509132,true
7105386,0.1998000,460,16725825,16725825,1678064511286,false
7105387,0.1998000,1763,16725826,16725827,1678064516641,false
7105388,0.1999000,4460,16725828,16725832,1678064516641,false
7105389,0.2000000,6046,16725833,16725836,1678064516887,false
7105390,0.1999000,1333,16725837,16725839,1678064522760,true
7105391,0.1999000,875,16725840,16725843,1678064523361,true
7105392,0.1998000,296,16725844,16725844,1678064523361,true
7105393,0.1998000,1194,16725845,16725846,1678064523855,true
7105394,0.1998000,2874,16725847,16725849,1678064526128,true
7105395,0.1999000,5144,16725850,16725855,1678064557164,false
7105396,0.2000000,2393,16725856,16725857,1678064563565,false
7105397,0.1999000,14599,16725858,16725868,1678064580726,true
7105398,0.1997000,180,16725869,16725869,1678064581049,true
7105399,0.1998000,3277,16725870,16725874,1678064581049,false
7105400,0.1997000,505,16725875,16725875,1678064582737,true
7105401,0.1997000,845,16725876,16725877,1678064584254,true
7105402,0.1997000,102,16725878,16725878,1678064584658,true
7105403,0.1997000,98,16725879,16725879,1678064594899,true
7105404,0.1998000,1344,16725880,16725881,1678064596007,false
7105405,0.1998000,3004,16725882,16725884,1678064599578,true
7105406,0.1998000,98,16725885,16725885,1678064606016,true
7105407,0.1998000,98,16725886,16725886,1678064618197,true
7105408,0.1998000,309,16725887,16725888,1678064624603,false
7105409,0.1997000,98,16725889,16725889,1678064626390,true
7105410,0.1997000,2000,16725890,16725891,1678064628932,true
7105411,0.1997000,771,16725892,16725893,1678064629042,true
7105412,0.1997000,104,16725894,16725894,1678064630894,false
7105413,0.1996000,1976,16725895,16725898,1678064631683,true
7105414,0.1997000,4567,16725899,16725905,1678064632827,false
7105415,0.1998000,98,16725906,16725906,1678064635556,true
7105416,0.1998000,64,16725907,16725907,1678064637340,true
7105417,0.1999000,1229,16725908,16725910,1678064637362,false
7105418,0.1999000,918,16725911,16725912,1678064643734,true
7105419,0.2000000,250,16725913,16725913,1678064643989,false
7105420,0.1999000,98,16725914,16725914,1678064644807,true
7105421,0.1999000,5043,16725915,16725917,1678064649608,true
7105422,0.1999000,1502,16725918,16725918,1678064649628,false
7105423,0.1998000,58,16725919,16725919,1678064650088,true
7105424,0.1998000,58,16725920,16725920,1678064658207,true
7105425,0.1998000,7203,16725921,16725924,1678064662298,true
7105426,0.1998000,5548,16725925,16725931,1678064667172,false
7105427,0.1998000,58,16725932,16725932,1678064670324,true
7105428,0.1998000,58,16725933,16725933,1678064682432,true
7105429,0.1998000,595,16725934,16725935,1678064683099,true
7105430,0.1997000,2202,16725936,16725938,1678064687594,true
7105431,0.1997000,1890,16725939,16725940,1678064690969,true
7105432,0.1997000,295,16725941,16725941,1678064692356,false
7105433,0.1996000,58,16725942,16725942,1678064694549,true
7105434,0.1997000,3059,16725943,16725945,1678064696378,false
7105435,0.1996000,262,16725946,16725946,1678064699271,true
7105436,0.1996000,232,16725947,16725947,1678064704374,true
7105437,0.1995000,694,16725948,16725951,1678064704374,true
7105438,0.1995000,58,16725952,16725952,1678064706806,true
7105439,0.1996000,3318,16725953,16725956,1678064709575,false
7105440,0.1997000,231,16725957,16725957,1678064710783,false
7105441,0.1996000,1830,16725958,16725961,1678064710899,true
7105442,0.1995000,260,16725962,16725962,1678064712464,true
7105443,0.1995000,52,16725963,16725963,1678064714206,true
7105444,0.1996000,1647,16725964,16725966,1678064717108,false
7105445,0.1996000,260,16725967,16725967,1678064721592,true
7105446,0.1997000,1511,16725968,16725970,1678064724054,false
7105447,0.1997000,1282,16725971,16725971,1678064728080,false
7105448,0.1997000,121,16725972,16725972,1678064730061,false
7105449,0.1997000,260,16725973,16725973,1678064730778,true
7105450,0.1998000,8223,16725974,16725984,1678064733692,false
7105451,0.1999000,221,16725985,16725986,1678064733762,false
7105452,0.1999000,964,16725987,16725987,1678064738039,false
7105453,0.1998000,260,16725988,16725989,1678064742932,true
7105454,0.1998000,2897,16725990,16725992,1678064743590,true
7105455,0.1998000,25,16725993,16725993,1678064743938,false
7105456,0.1997000,1779,16725994,16726000,1678064747001,true
7105457,0.1998000,582,16726001,16726001,1678064750089,false
7105458,0.1998000,3954,16726002,16726004,1678064751688,false
7105459,0.1997000,260,16726005,16726005,1678064752091,true
7105460,0.1997000,3363,16726006,16726011,1678064752761,true
7105461,0.1997000,1577,16726012,16726013,1678064760085,false
7105462,0.1996000,737,16726014,16726015,1678064763497,true
7105463,0.1996000,181,16726016,16726016,1678064764262,true
7105464,0.1995000,79,16726017,16726017,1678064764262,true
7105465,0.1996000,89,16726018,16726018,1678064768057,false
7105466,0.1996000,202,16726019,16726019,1678064772112,false
7105467,0.1996000,30,16726020,16726020,1678064779778,false
7105468,0.1996000,76,16726021,16726021,1678064780089,false
7105469,0.1996000,2000,16726022,16726024,1678064783706,false
7105470,0.1996000,1906,16726025,16726027,1678064788384,false
7105471,0.1996000,2577,16726028,16726029,1678064792150,false
7105472,0.1997000,2797,16726030,16726033,1678064814606,false
7105473,0.1998000,1393,16726034,16726035,1678064814670,false
7105474,0.1997000,109,16726036,16726036,1678064820249,true
7105475,0.1998000,3000,16726037,16726038,1678064821753,false
7105476,0.1998000,850,16726039,16726039,1678064822733,false
7105477,0.1999000,645,16726040,16726041,1678064822733,false
7105478,0.1999000,40,16726042,16726042,1678064823872,false
7105479,0.1999000,130,16726043,16726043,1678064827235,false
7105480,0.1999000,120,16726044,16726044,1678064828677,false
7105481,0.2000000,3439,16726045,16726048,1678064829987,false
7105482,0.2001000,93,16726049,16726049,1678064830324,false
7105483,0.2000000,106,16726050,16726050,1678064830467,true
7105484,0.2001000,61,16726051,16726051,1678064831037,true
7105485,0.2002000,399,16726052,16726052,1678064832420,false
7105486,0.2002000,794,16726053,16726053,1678064832616,false
7105487,0.2002000,351,16726054,16726056,1678064832916,false
7105488,0.2002000,331,16726057,16726058,1678064833648,false
7105489,0.2003000,224,16726059,16726060,1678064834518,false
7105490,0.2004000,155,16726061,16726061,1678064834705,false
7105491,0.2004000,561,16726062,16726063,1678064834963,false
7105492,0.2005000,1332,16726064,16726065,1678064835077,false
7105493,0.2005000,18364,16726066,16726069,1678064836929,false
7105494,0.2006000,4081,16726070,16726073,1678064837321,false
7105495,0.2006000,2413,16726074,16726075,1678064837645,true
7105496,0.2006000,2231,16726076,16726079,1678064838148,false
7105497,0.2006000,1055,16726080,16726082,1678064838306,false
7105498,0.2006000,100,16726083,16726083,1678064838410,false
7105499,0.2007000,2202,16726084,16726086,1678064839597,false
7105500,0.2007000,1774,16726087,16726091,1678064839627,true
7105501,0.2007000,2348,16726092,16726095,1678064841477,false
7105502,0.2007000,1174,16726096,16726098,1678064841648,false
7105503,0.2007000,60,16726099,16726099,1678064841835,true
7105504,0.2007000,60,16726100,16726100,1678064841951,true
7105505,0.2007000,60,16726101,16726101,1678064842054,true
7105506,0.2007000,106,16726102,16726102,1678064842342,true
7105507,0.2008000,984,16726103,16726105,1678064850234,false
7105508,0.2009000,1775,16726106,16726111,1678064850234,false
7105509,0.2008000,3920,16726112,16726114,1678064850259,true
7105510,0.2007000,3618,16726115,16726121,1678064853999,true
7105511,0.2006000,7914,16726122,16726128,1678064854164,true
7105512,0.2006000,292,16726129,16726129,1678064854275,true
7105513,0.2005000,106,16726130,16726130,1678064863153,true
7105514,0.2006000,1217,16726131,16726133,1678064867009,false
7105515,0.2006000,106,16726134,16726135,1678064877387,true
7105516,0.2006000,2646,16726136,16726139,1678064880265,true
7105517,0.2006000,2361,16726140,16726145,1678064889987,false
7105518,0.2006000,106,16726146,16726146,1678064890562,true
7105519,0.2006000,1357,16726147,16726149,1678064899510,true
7105520,0.2005000,13991,16726150,16726157,1678064902473,true
7105521,0.2005000,67,16726158,16726160,1678064902578,true
7105522,0.2004000,3355,16726161,16726165,1678064914013,true
7105523,0.2003000,196,16726166,16726166,1678064916072,true
7105524,0.2002000,299,16726167,16726168,1678064917080,true
7105525,0.2002000,3384,16726169,16726170,1678064920212,false
7105526,0.2002000,2944,16726171,16726175,1678064921091,false
7105527,0.2002000,2566,16726176,16726179,1678064930676,true
7105528,0.2002000,93,16726180,16726180,1678064941852,true
7105529,0.2003000,683,16726181,16726182,1678064942731,false
7105530,0.2003000,683,16726183,16726183,1678064943149,false
7105531,0.2003000,403,16726184,16726184,1678064944349,false
7105532,0.2003000,89,16726185,16726185,1678064952486,true
7105533,0.2003000,89,16726186,16726186,1678064959634,true
7105534,0.2004000,50,16726187,16726187,1678064960687,false
7105535,0.2003000,89,16726188,16726188,1678064970760,true
7105536,0.2004000,950,16726189,16726192,1678064973590,false
7105537,0.2004000,3486,16726193,16726195,1678064982115,false
7105538,0.2004000,89,16726196,16726196,1678064984933,true
7105539,0.2004000,4462,16726197,16726200,1678064993391,true
7105540,0.2004000,382,16726201,16726202,1678064993570,true
7105541,0.2004000,11698,16726203,16726211,1678064994671,false
7105542,0.2004000,89,16726212,16726212,1678064999101,true
7105543,0.2004000,627,16726213,16726213,1678065003765,true
7105544,0.2004000,525,16726214,16726215,1678065005619,true
7105545,0.2004000,89,16726216,16726216,1678065012274,true
7105546,0.2004000,6598,16726217,16726226,1678065015321,true
7105547,0.2004000,4030,16726227,16726229,1678065015463,true
7105548,0.2004000,892,16726230,16726230,1678065015571,true
7105549,0.2004000,3989,16726231,16726233,1678065015708,true
7105550,0.2003000,1843,16726234,16726235,1678065021357,true
7105551,0.2003000,90,16726236,16726236,1678065024040,false
7105552,0.2003000,320,16726237,16726237,1678065030047,false
7105553,0.2002000,4347,16726238,16726241,1678065062378,true
7105554,0.2001000,14831,16726242,16726251,1678065062378,true
7105555,0.2000000,9242,16726252,16726258,1678065062378,true
7105556,0.1999000,12583,16726259,16726270,1678065062388,true
7105557,0.1998000,7099,16726271,16726279,1678065062401,true
7105558,0.1999000,23887,16726280,16726297,1678065062412,false
7105559,0.1999000,546,16726298,16726299,1678065062653,false
7105560,0.1998000,1120,16726300,16726303,1678065069769,false
7105561,0.1999000,9937,16726304,16726313,1678065070996,false
7105562,0.1999000,90,16726314,16726314,1678065074801,true
7105563,0.1999000,122,16726315,16726316,1678065076072,true
7105564,0.1999000,122,16726317,16726318,1678065076987,true
7105565,0.1999000,5624,16726319,16726325,1678065078616,true
7105566,0.1999000,4471,16726326,16726335,1678065082038,false
7105567,0.2000000,172,16726336,16726336,1678065084072,false
7105568,0.2000000,32,16726337,16726337,1678065088109,false
7105569,0.2000000,50,16726338,16726338,1678065090094,false
7105570,0.2000000,250,16726339,16726340,1678065091711,false
7105571,0.1999000,1528,16726341,16726344,1678065097226,true
7105572,0.1999000,78,16726345,16726345,1678065114068,false
7105573,0.1999000,77,16726346,16726346,1678065118035,false
7105574,0.1998000,500,16726347,16726347,1678065127076,true
7105575,0.1998000,6400,16726348,16726353,1678065144016,true
7105576,0.1998000,788,16726354,16726356,1678065151685,true
7105577,0.1997000,4198,16726357,16726360,1678065151951,true
7105578,0.1996000,22763,16726361,16726365,1678065161359,true
7105579,0.1995000,17375,16726366,16726381,1678065161461,true
7105580,0.1995000,901,16726382,16726383,1678065161579,true
7105581,0.1995000,3656,16726384,16726390,1678065166730,false
7105582,0.1996000,515,16726391,16726392,1678065167091,false
7105583,0.1995000,28046,16726393,16726407,1678065168383,true
7105584,0.1995000,55,16726408,16726408,1678065170114,false
7105585,0.1994000,1203,16726409,16726409,1678065170444,true
7105586,0.1993000,4784,16726410,16726420,1678065170444,true
7105587,0.1993000,4228,16726421,16726426,1678065170568,false
7105588,0.1993000,455,16726427,16726427,1678065170680,true
7105589,0.1993000,388,16726428,16726429,1678065171705,true
7105590,0.1994000,4012,16726430,16726431,1678065176643,false
7105591,0.1995000,240,16726432,16726432,1678065178111,false
7105592,0.1995000,2759,16726433,16726435,1678065180916,true
7105593,0.1996000,192,16726436,16726436,1678065181306,false
7105594,0.1995000,760,16726437,16726439,1678065182780,true
7105595,0.1995000,1499,16726440,16726441,1678065187234,true
7105596,0.1994000,11440,16726442,16726453,1678065187234,true
7105597,0.1993000,14716,16726454,16726460,1678065187254,true
7105598,0.1992000,19675,16726461,16726470,1678065187254,true
7105599,0.1991000,24208,16726471,16726482,1678065187254,true
7105600,0.1990000,17040,16726483,16726495,1678065187254,true
7105601,0.1994000,500,16726496,16726496,1678065187261,false
7105602,0.1995000,265,16726497,16726497,1678065187261,false
7105603,0.1992000,2158,16726498,16726498,1678065187271,true
7105604,0.1992000,1267,16726499,16726501,1678065187282,false
7105605,0.1993000,1000,16726502,16726505,1678065187282,false
7105606,0.1993000,274,16726506,16726506,1678065188066,false
7105607,0.1992000,7042,16726507,16726512,1678065189094,true
7105608,0.1991000,4720,16726513,16726516,1678065189094,true
7105609,0.1990000,7092,16726517,16726520,1678065189094,true
7105610,0.1989000,8753,16726521,16726528,1678065189094,true
7105611,0.1993000,29,16726529,16726529,1678065189095,false
7105612,0.1991000,3325,16726530,16726532,1678065189135,false
7105613,0.1991000,1096,16726533,16726535,1678065189401,false
7105614,0.1991000,269,16726536,16726536,1678065191248,true
7105615,0.1992000,208,16726537,16726537,1678065192110,false
7105616,0.1991000,984,16726538,16726540,1678065195136,true
7105617,0.1990000,1929,16726541,16726543,1678065195136,true
7105618,0.1991000,231,16726544,16726544,1678065200093,false
7105619,0.1991000,6080,16726545,16726549,1678065207144,false
7105620,0.1991000,904,16726550,16726551,1678065214187,true
7105621,0.1991000,6457,16726552,16726557,1678065216266,true
7105622,0.1991000,3361,16726558,16726563,1678065218095,false
7105623,0.1991000,843,16726564,16726565,1678065218453,true
7105624,0.1990000,7841,16726566,16726571,1678065218453,true
7105625,0.1990000,1755,16726572,16726575,1678065220163,true
7105626,0.1990000,781,16726576,16726577,1678065220328,true
7105627,0.1990000,40,16726578,16726578,1678065220908,true
7105628,0.1990000,1267,16726579,16726580,1678065221143,false
7105629,0.1991000,2210,16726581,16726583,1678065221143,false
7105630,0.1990000,3474,16726584,16726586,1678065230731,true
7105631,0.1989000,4052,16726587,16726591,1678065230731,true
7105632,0.1988000,1142,16726592,16726596,1678065230731,true
7105633,0.1988000,1000,16726597,16726598,1678065233133,true
7105634,0.1987000,969,16726599,16726602,1678065235093,true
7105635,0.1987000,2461,16726603,16726606,1678065235299,true
7105636,0.1987000,102,16726607,16726608,1678065236007,true
7105637,0.1986000,113,16726609,16726609,1678065236007,true
7105638,0.1986000,5901,16726610,16726617,1678065239924,true
7105639,0.1985000,4167,16726618,16726624,1678065239925,true
7105640,0.1984000,7829,16726625,16726635,1678065239926,true
7105641,0.1983000,5512,16726636,16726642,1678065239927,true
7105642,0.1982000,929,16726643,16726648,1678065239976,true
7105643,0.1983000,6455,16726649,16726652,1678065240032,false
7105644,0.1983000,1166,16726653,16726654,1678065240099,true
7105645,0.1982000,761,16726655,16726655,1678065240099,true
7105646,0.1983000,50,16726656,16726656,1678065240184,false
7105647,0.1982000,9106,16726657,16726660,1678065240224,true
7105648,0.1982000,4920,16726661,16726664,1678065240321,false
7105649,0.1981000,1196,16726665,16726669,1678065242139,true
7105650,0.1982000,15552,16726670,16726677,1678065242139,false
7105651,0.1983000,7225,16726678,16726683,1678065242163,false
7105652,0.1984000,529,16726684,16726685,1678065242710,false
7105653,0.1985000,1810,16726686,16726686,1678065242710,false
7105654,0.1984000,500,16726687,16726687,1678065242720,true
7105655,0.1985000,1714,16726688,16726688,1678065242722,false
7105656,0.1985000,1920,16726689,16726690,1678065243048,false
7105657,0.1986000,815,16726691,16726691,1678065243224,false
7105658,0.1985000,648,16726692,16726692,1678065243240,true
7105659,0.1986000,4564,16726693,16726697,1678065243332,false
7105660,0.1987000,4370,16726698,16726702,1678065243332,false
7105661,0.1986000,1468,16726703,16726704,1678065243351,true
7105662,0.1987000,3053,16726705,16726706,1678065243638,false
7105663,0.1988000,974,16726707,16726708,1678065243638,false
7105664,0.1987000,500,16726709,16726709,1678065243675,true
7105665,0.1987000,337,16726710,16726710,1678065244082,false
7105666,0.1987000,310,16726711,16726711,1678065252279,false
7105667,0.1986000,14098,16726712,16726715,1678065253501,true
7105668,0.1986000,15538,16726716,16726720,1678065253625,true
7105669,0.1986000,693,16726721,16726721,1678065253752,true
7105670,0.1986000,3045,16726722,16726726,1678065253949,false
7105671,0.1987000,8036,16726727,16726732,1678065257303,false
7105672,0.1988000,2859,16726733,16726737,1678065257604,false
7105673,0.1989000,47,16726738,16726738,1678065260073,false
7105674,0.1988000,2252,16726739,16726741,1678065260553,true
7105675,0.1988000,9360,16726742,16726743,1678065260671,true
7105676,0.1987000,2101,16726744,16726745,1678065260840,true
7105677,0.1987000,6833,16726746,16726752,1678065260954,true
7105678,0.1986000,18020,16726753,16726756,1678065262891,true
7105679,0.1985000,728,16726757,16726757,1678065262990,true
7105680,0.1985000,5463,16726758,16726763,1678065264167,false
7105681,0.1985000,5156,16726764,16726769,1678065265443,true
7105682,0.1984000,10909,16726770,16726777,1678065265443,true
7105683,0.1983000,7369,16726778,16726782,1678065265443,true
7105684,0.1984000,2782,16726783,16726785,1678065265791,false
7105685,0.1984000,265,16726786,16726786,1678065266079,false
7105686,0.1984000,500,16726787,16726787,1678065269848,true
7105687,0.1984000,126,16726788,16726788,1678065274074,false
7105688,0.1984000,460,16726789,16726789,1678065275367,false
7105689,0.1984000,3127,16726790,16726794,1678065276871,false
7105690,0.1984000,10674,16726795,16726800,1678065281286,true
7105691,0.1984000,1242,16726801,16726804,1678065281405,true
7105692,0.1984000,126,16726805,16726805,1678065282062,false
7105693,0.1984000,11692,16726806,16726812,1678065285322,false
7105694,0.1985000,1944,16726813,16726815,1678065285437,false
7105695,0.1985000,331,16726816,16726816,1678065286068,true
7105696,0.1984000,40,16726817,16726817,1678065288519,true
7105697,0.1985000,203,16726818,16726818,1678065290041,false
7105698,0.1984000,779,16726819,16726820,1678065303673,true
7105699,0.1984000,922,16726821,16726823,1678065303884,true
7105700,0.1984000,1003,16726824,16726824,1678065304745,true
7105701,0.1983000,5383,16726825,16726828,1678065304946,true
7105702,0.1983000,6209,16726829,16726834,1678065305874,false
7105703,0.1984000,6547,16726835,16726839,1678065305875,false
7105704,0.1985000,4887,16726840,16726845,1678065306426,false
7105705,0.1985000,3724,16726846,16726849,1678065314089,false
7105706,0.1985000,8285,16726850,16726855,1678065314320,false
7105707,0.1986000,1163,16726856,16726858,1678065314480,false
7105708,0.1987000,4536,16726859,16726862,1678065315340,false
7105709,0.1988000,596,16726863,16726865,1678065317005,false
7105710,0.1988000,5000,16726866,16726868,1678065317782,true
7105711,0.1988000,6373,16726869,16726873,1678065317884,true
7105712,0.1988000,4262,16726874,16726879,1678065320876,false
7105713,0.1988000,2767,16726880,16726885,1678065320992,false
7105714,0.1989000,2166,16726886,16726889,1678065323193,false
7105715,0.1990000,129,16726890,16726890,1678065324112,false
7105716,0.1989000,4555,16726891,16726896,1678065325030,true
7105717,0.1989000,500,16726897,16726897,1678065326075,false
7105718,0.1989000,11388,16726898,16726905,1678065327368,false
7105719,0.1990000,13315,16726906,16726913,1678065327368,false
7105720,0.1990000,120,16726914,16726914,1678065328069,false
7105721,0.1990000,99,16726915,16726915,1678065330146,false
7105722,0.1990000,427,16726916,16726916,1678065331307,false
7105723,0.1990000,61,16726917,16726917,1678065331372,true
7105724,0.1990000,3246,16726918,16726920,1678065340180,true
7105725,0.1990000,4399,16726921,16726922,1678065340887,false
7105726,0.1990000,2485,16726923,16726924,1678065344476,false
7105727,0.1990000,1622,16726925,16726930,1678065344584,false
7105728,0.1990000,3933,16726931,16726935,1678065345726,true
7105729,0.1989000,5279,16726936,16726941,1678065345899,true
7105730,0.1988000,252,16726942,16726942,1678065345935,true
7105731,0.1989000,6031,16726943,16726948,1678065346117,false
7105732,0.1988000,3576,16726949,16726953,1678065351351,false
7105733,0.1988000,1331,16726954,16726956,1678065362702,true
7105734,0.1987000,1,16726957,16726957,1678065362799,true
7105735,0.1988000,1846,16726958,16726959,1678065362847,false
7105736,0.1987000,776,16726960,16726961,1678065363367,true
7105737,0.1987000,1109,16726962,16726963,1678065363627,true
7105738,0.1988000,119,16726964,16726964,1678065368096,false
7105739,0.1988000,1191,16726965,16726967,1678065372705,false
7105740,0.1988000,1066,16726968,16726969,1678065375997,false
7105741,0.1989000,2087,16726970,16726972,1678065377906,false
7105742,0.1989000,500,16726973,16726973,1678065382079,true
7105743,0.1988000,2008,16726974,16726975,1678065382621,true
7105744,0.1988000,252,16726976,16726976,1678065382809,false
7105745,0.1986000,3453,16726977,16726983,1678065397872,false
7105746,0.1986000,321,16726984,16726985,1678065401765,true
7105747,0.1986000,2126,16726986,16726990,1678065404119,false
7105748,0.1986000,345,16726991,16726991,1678065404266,false
7105749,0.1986000,1280,16726992,16726995,1678065409630,true
7105750,0.1985000,500,16726996,16726996,1678065410828,false
7105751,0.1984000,1342,16726997,16727000,1678065413246,true
7105752,0.1983000,2003,16727001,16727003,1678065418819,true
7105753,0.1982000,2072,16727004,16727004,1678065421341,true
7105754,0.1981000,3959,16727005,16727005,1678065421341,true
7105755,0.1982000,2406,16727006,16727009,1678065424038,false
7105756,0.1982000,1094,16727010,16727010,1678065424148,false
7105757,0.1983000,2138,16727011,16727014,1678065432733,false
7105758,0.1983000,634,16727015,16727015,1678065432954,false
7105759,0.1984000,31,16727016,16727016,1678065436296,false
7105760,0.1984000,4399,16727017,16727020,1678065436529,true
7105761,0.1984000,210,16727021,16727021,1678065436667,false
7105762,0.1985000,1122,16727022,16727024,1678065437332,false
7105763,0.1986000,1000,16727025,16727026,1678065439582,false
7105764,0.1987000,8689,16727027,16727033,1678065439582,false
7105765,0.1987000,1238,16727034,16727035,1678065439647,true
7105766,0.1987000,286,16727036,16727038,1678065440437,true
7105767,0.1987000,494,16727039,16727040,1678065441937,true
7105768,0.1986000,500,16727041,16727041,1678065444749,true
7105769,0.1985000,770,16727042,16727042,1678065444749,true
7105770,0.1987000,243,16727043,16727043,1678065445736,false
7105771,0.1986000,322,16727044,16727044,1678065447579,true
7105772,0.1985000,500,16727045,16727045,1678065449107,true
7105773,0.1984000,780,16727046,16727046,1678065451027,true
7105774,0.1982000,6743,16727047,16727054,1678065460506,false
7105775,0.1983000,1515,16727055,16727056,1678065460602,false
7105776,0.1983000,500,16727057,16727057,1678065461001,true
7105777,0.1982000,926,16727058,16727060,1678065462229,true
7105778,0.1982000,3330,16727061,16727062,1678065462257,false
7105779,0.1983000,8169,16727063,16727068,1678065466596,false
7105780,0.1984000,2648,16727069,16727070,1678065466596,false
7105781,0.1983000,3852,16727071,16727074,1678065466626,true
7105782,0.1983000,86,16727075,16727075,1678065470038,false
7105783,0.1982000,3231,16727076,16727078,1678065472043,true
7105784,0.1981000,411,16727079,16727079,1678065472162,true
7105785,0.1981000,1342,16727080,16727081,1678065472331,true
7105786,0.1981000,1910,16727082,16727085,1678065472544,true
7105787,0.1981000,6333,16727086,16727090,1678065472689,true
7105788,0.1980000,11717,16727091,16727098,1678065472712,true
7105789,0.1979000,61,16727099,16727100,1678065474523,true
7105790,0.1979000,302,16727101,16727103,1678065474890,true
7105791,0.1979000,21,16727104,16727104,1678065475245,true
7105792,0.1978000,231,16727105,16727107,1678065475245,true
7105793,0.1979000,5408,16727108,16727111,1678065475842,false
7105794,0.1980000,2907,16727112,16727114,1678065476681,false
7105795,0.1980000,2361,16727115,16727119,1678065477109,true
7105796,0.1979000,6099,16727120,16727128,1678065477109,true
7105797,0.1979000,498,16727129,16727129,1678065477336,true
7105798,0.1978000,504,16727130,16727132,1678065477336,true
7105799,0.1979000,371,16727133,16727133,1678065477501,false
7105800,0.1979000,613,16727134,16727134,1678065477852,true
7105801,0.1978000,8988,16727135,16727139,1678065480321,true
7105802,0.1977000,5213,16727140,16727146,1678065480610,true
7105803,0.1978000,1247,16727147,16727148,1678065480950,false
7105804,0.1977000,479,16727149,16727149,1678065481240,true
7105805,0.1978000,2990,16727150,16727153,1678065481317,false
7105806,0.1979000,536,16727154,16727155,1678065481887,false
7105807,0.1978000,5293,16727156,16727161,1678065482119,true
7105808,0.1979000,1500,16727162,16727163,1678065482176,false
7105809,0.1979000,500,16727164,16727164,1678065482229,true
7105810,0.1978000,66,16727165,16727165,1678065482229,true
7105811,0.1979000,453,16727166,16727166,1678065482734,false
7105812,0.1979000,1461,16727167,16727170,1678065483013,false
7105813,0.1978000,532,16727171,16727171,1678065483203,true
7105814,0.1979000,944,16727172,16727174,1678065483282,false
7105815,0.1980000,3230,16727175,16727176,1678065483439,false
7105816,0.1980000,500,16727177,16727177,1678065483544,false
7105817,0.1981000,29,16727178,16727178,1678065486532,false
7105818,0.1981000,1000,16727179,16727181,1678065488116,true
7105819,0.1980000,1111,16727182,16727184,1678065488467,true
7105820,0.1979000,61,16727185,16727185,1678065488660,true
7105821,0.1978000,483,16727186,16727186,1678065489978,true
7105822,0.1978000,1591,16727187,16727189,1678065490096,true
7105823,0.1978000,3694,16727190,16727191,1678065491338,true
7105824,0.1979000,142,16727192,16727192,1678065492988,false
7105825,0.1979000,1820,16727193,16727196,1678065493518,false
7105826,0.1980000,3438,16727197,16727200,1678065493556,false
7105827,0.1980000,896,16727201,16727201,1678065493746,false
7105828,0.1979000,776,16727202,16727202,1678065493927,false
7105829,0.1980000,1388,16727203,16727205,1678065493953,false
7105830,0.1980000,1776,16727206,16727210,1678065494734,true
7105831,0.1980000,61,16727211,16727211,1678065495188,false
7105832,0.1980000,61,16727212,16727212,1678065495335,false
7105833,0.1980000,1000,16727213,16727214,1678065498324,true
7105834,0.1981000,1466,16727215,16727216,1678065498634,false
7105835,0.1981000,2023,16727217,16727221,1678065499039,true
7105836,0.1981000,289,16727222,16727222,1678065499514,false
7105837,0.1980000,791,16727223,16727224,1678065501399,true
7105838,0.1980000,89,16727225,16727225,1678065503808,false
7105839,0.1980000,1010,16727226,16727228,1678065505348,false
7105840,0.1980000,4394,16727229,16727230,1678065511042,false
7105841,0.1980000,1041,16727231,16727232,1678065511795,true
7105842,0.1981000,500,16727233,16727233,1678065515591,true
7105843,0.1981000,500,16727234,16727234,1678065518040,true
7105844,0.1980000,477,16727235,16727235,1678065518347,false
7105845,0.1979000,3003,16727236,16727238,1678065535150,true
7105846,0.1979000,7261,16727239,16727247,1678065539732,false
7105847,0.1980000,163,16727248,16727248,1678065539920,false
7105848,0.1981000,769,16727249,16727250,1678065543619,false
7105849,0.1981000,3058,16727251,16727254,1678065544130,true
7105850,0.1981000,234,16727255,16727255,1678065544187,false
7105851,0.1980000,6370,16727256,16727261,1678065548013,true
7105852,0.1979000,1854,16727262,16727263,1678065548013,true
7105853,0.1979000,13702,16727264,16727275,1678065551456,true
7105854,0.1978000,398,16727276,16727276,1678065552161,true
7105855,0.1978000,2913,16727277,16727281,1678065553156,false
7105856,0.1978000,428,16727282,16727283,1678065553248,true
7105857,0.1979000,500,16727284,16727284,1678065555111,false
7105858,0.1980000,130,16727285,16727285,1678065555698,false
7105859,0.1979000,1065,16727286,16727287,1678065557103,true
7105860,0.1979000,95,16727288,16727288,1678065557239,true
7105861,0.1978000,1614,16727289,16727290,1678065557719,true
7105862,0.1977000,3456,16727291,16727292,1678065560552,true
7105863,0.1977000,1495,16727293,16727293,1678065560685,true
7105864,0.1976000,3099,16727294,16727297,1678065561290,true
7105865,0.1976000,584,16727298,16727298,1678065561786,true
7105866,0.1976000,174,16727299,16727299,1678065562868,true
7105867,0.1976000,1316,16727300,16727300,1678065563621,true
7105868,0.1976000,7407,16727301,16727304,1678065563724,true
7105869,0.1977000,15448,16727305,16727313,1678065563817,false
7105870,0.1978000,9775,16727314,16727323,1678065566599,false
7105871,0.1979000,643,16727324,16727324,1678065567924,false
