agg_trade_id,price,quantity,first_trade_id,last_trade_id,transact_time,is_buyer_maker
7124994,0.2047000,2748,16784181,16784185,1678147204745,true
7124995,0.2048000,115,16784186,16784186,1678147204764,false
7124996,0.2047000,3627,16784187,16784190,1678147204806,true
7124997,0.2048000,101,16784191,16784191,1678147205273,false
7124998,0.2048000,2210,16784192,16784192,1678147205531,false
7124999,0.2047000,2256,16784193,16784197,1678147205569,true
7125000,0.2047000,1397,16784198,16784203,1678147207590,true
7125001,0.2047000,680,16784204,16784205,1678147207941,true
7125002,0.2047000,606,16784206,16784206,1678147209609,true
7125003,0.2047000,821,16784207,16784210,1678147210694,true
7125004,0.2047000,2912,16784211,16784214,1678147214161,true
7125005,0.2047000,2120,16784215,16784217,1678147214195,false
7125006,0.2047000,5460,16784218,16784221,1678147214334,false
7125007,0.2047000,6553,16784222,16784226,1678147215448,true
7125008,0.2047000,5357,16784227,16784230,1678147216415,false
7125009,0.2047000,692,16784231,16784231,1678147216533,true
7125010,0.2047000,715,16784232,16784232,1678147218739,true
7125011,0.2047000,11836,16784233,16784242,1678147221432,true
7125012,0.2047000,506,16784243,16784243,1678147224711,false
7125013,0.2047000,605,16784244,16784245,1678147226406,false
7125014,0.2046000,3439,16784246,16784249,1678147226435,true
7125015,0.2045000,3313,16784250,16784253,1678147226559,true
7125016,0.2044000,2337,16784254,16784256,1678147229635,true
7125017,0.2044000,268,16784257,16784257,1678147230033,false
7125018,0.2043000,2111,16784258,16784259,1678147230276,true
7125019,0.2044000,106,16784260,16784261,1678147233023,false
7125020,0.2044000,643,16784262,16784262,1678147234305,false
7125021,0.2043000,532,16784263,16784263,1678147234534,true
7125022,0.2042000,2485,16784264,16784267,1678147240496,true
7125023,0.2041000,2274,16784268,16784269,1678147240588,true
7125024,0.2042000,3889,16784270,16784275,1678147240986,false
7125025,0.2042000,1330,16784276,16784277,1678147242725,true
7125026,0.2043000,494,16784278,16784278,1678147242729,false
7125027,0.2043000,708,16784279,16784279,1678147244554,false
7125028,0.2042000,1052,16784280,16784282,1678147247502,true
7125029,0.2042000,592,16784283,16784284,1678147250899,true
7125030,0.2043000,610,16784285,16784285,1678147254660,false
7125031,0.2043000,77,16784286,16784286,1678147260099,false
7125032,0.2042000,805,16784287,16784288,1678147281552,true
7125033,0.2042000,555,16784289,16784289,1678147293219,true
7125034,0.2042000,1480,16784290,16784290,1678147295531,true
7125035,0.2041000,1218,16784291,16784294,1678147304018,true
7125036,0.2040000,15194,16784295,16784308,1678147304094,true
7125037,0.2039000,2352,16784309,16784310,1678147306210,true
7125038,0.2040000,1203,16784311,16784312,1678147306832,false
7125039,0.2039000,196,16784313,16784314,1678147313636,true
7125040,0.2040000,97,16784315,16784315,1678147314024,false
7125041,0.2039000,216,16784316,16784316,1678147316973,true
7125042,0.2039000,1077,16784317,16784318,1678147318361,true
7125043,0.2038000,412,16784319,16784319,1678147318461,true
7125044,0.2039000,18003,16784320,16784334,1678147320059,false
7125045,0.2039000,2332,16784335,16784338,1678147321867,true
7125046,0.2039000,561,16784339,16784339,1678147323516,false
7125047,0.2038000,1007,16784340,16784340,1678147335500,true
7125048,0.2038000,5652,16784341,16784348,1678147342962,true
7125049,0.2039000,60,16784349,16784349,1678147344074,false
7125050,0.2039000,268,16784350,16784350,1678147355733,false
7125051,0.2038000,1735,16784351,16784357,1678147357200,true
7125052,0.2038000,1163,16784358,16784359,1678147358301,false
7125053,0.2038000,1515,16784360,16784362,1678147358629,true
7125054,0.2038000,1686,16784363,16784365,1678147368885,true
7125055,0.2037000,1040,16784366,16784369,1678147369598,true
7125056,0.2037000,98,16784370,16784370,1678147372649,true
7125057,0.2038000,77,16784371,16784371,1678147374106,false
7125058,0.2038000,1843,16784372,16784374,1678147377451,false
7125059,0.2037000,1252,16784375,16784375,1678147377506,true
7125060,0.2038000,59,16784376,16784376,1678147380126,false
7125061,0.2038000,814,16784377,16784377,1678147383971,false
7125062,0.2037000,2019,16784378,16784380,1678147392687,true
7125063,0.2037000,738,16784381,16784381,1678147393612,true
7125064,0.2038000,170,16784382,16784383,1678147396345,false
7125065,0.2037000,627,16784384,16784384,1678147402272,true
7125066,0.2037000,2280,16784385,16784386,1678147403612,true
7125067,0.2037000,449,16784387,16784388,1678147403641,false
7125068,0.2037000,78,16784389,16784389,1678147404124,false
7125069,0.2036000,830,16784390,16784393,1678147408290,true
7125070,0.2036000,15753,16784394,16784402,1678147408429,true
7125071,0.2036000,130,16784403,16784403,1678147410030,false
7125072,0.2035000,760,16784404,16784406,1678147410102,true
7125073,0.2036000,127,16784407,16784407,1678147413828,false
7125074,0.2035000,1471,16784408,16784409,1678147414669,true
7125075,0.2035000,554,16784410,16784410,1678147415670,true
7125076,0.2035000,741,16784411,16784411,1678147417798,true
7125077,0.2036000,52,16784412,16784412,1678147434070,false
7125078,0.2035000,1271,16784413,16784413,1678147437126,true
7125079,0.2035000,574,16784414,16784414,1678147437240,true
7125080,0.2035000,1231,16784415,16784416,1678147442159,true
7125081,0.2036000,509,16784417,16784417,1678147442720,false
7125082,0.2036000,719,16784418,16784418,1678147442845,false
7125083,0.2036000,1189,16784419,16784420,1678147443881,false
7125084,0.2036000,355,16784421,16784422,1678147447906,false
7125085,0.2035000,228,16784423,16784423,1678147458683,true
7125086,0.2035000,74,16784424,16784424,1678147462023,true
7125087,0.2035000,585,16784425,16784426,1678147467402,true
7125088,0.2035000,600,16784427,16784427,1678147470601,true
7125089,0.2035000,69,16784428,16784429,1678147472152,true
7125090,0.2035000,69,16784430,16784430,1678147484309,true
7125091,0.2035000,658,16784431,16784431,1678147486075,true
7125092,0.2035000,69,16784432,16784432,1678147493409,true
7125093,0.2035000,673,16784433,16784435,1678147501972,true
7125094,0.2036000,1440,16784436,16784436,1678147504392,false
7125095,0.2035000,69,16784437,16784437,1678147504587,true
7125096,0.2035000,1409,16784438,16784439,1678147507745,true
7125097,0.2036000,709,16784440,16784440,1678147510240,false
7125098,0.2035000,2995,16784441,16784444,1678147511736,true
7125099,0.2035000,1189,16784445,16784445,1678147512504,true
7125100,0.2035000,69,16784446,16784446,1678147513761,true
7125101,0.2035000,983,16784447,16784447,1678147515269,true
7125102,0.2034000,6065,16784448,16784454,1678147515661,true
7125103,0.2034000,10891,16784455,16784460,1678147521774,false
7125104,0.2035000,42193,16784461,16784476,1678147521807,false
7125105,0.2036000,13186,16784477,16784486,1678147521847,false
7125106,0.2037000,9590,16784487,16784491,1678147522335,false
7125107,0.2037000,162,16784492,16784492,1678147522839,false
7125108,0.2038000,147,16784493,16784493,1678147522968,false
7125109,0.2038000,69,16784494,16784494,1678147523934,true
7125110,0.2038000,295,16784495,16784495,1678147535020,true
7125111,0.2037000,992,16784496,16784496,1678147535020,true
7125112,0.2037000,1869,16784497,16784499,1678147537559,true
7125113,0.2037000,49,16784500,16784500,1678147538517,false
7125114,0.2036000,2997,16784501,16784504,1678147539449,true
7125115,0.2036000,18695,16784505,16784513,1678147539554,true
7125116,0.2035000,3495,16784514,16784517,1678147540230,true
7125117,0.2035000,1501,16784518,16784519,1678147540542,false
7125118,0.2035000,665,16784520,16784521,1678147543277,true
7125119,0.2035000,1373,16784522,16784522,1678147545625,true
7125120,0.2036000,47,16784523,16784523,1678147550226,false
7125121,0.2035000,2134,16784524,16784526,1678147556691,true
7125122,0.2034000,90,16784527,16784527,1678147556691,true
7125123,0.2035000,500,16784528,16784528,1678147556700,false
7125124,0.2035000,10590,16784529,16784536,1678147562356,false
7125125,0.2036000,1001,16784537,16784539,1678147564161,false
7125126,0.2037000,47,16784540,16784540,1678147564335,false
7125127,0.2036000,1304,16784541,16784542,1678147565425,true
7125128,0.2036000,2536,16784543,16784544,1678147575963,true
7125129,0.2036000,47,16784545,16784545,1678147576563,false
7125130,0.2036000,47,16784546,16784546,1678147587243,false
7125131,0.2036000,47,16784547,16784547,1678147594387,false
7125132,0.2035000,1777,16784548,16784549,1678147606284,true
7125133,0.2036000,47,16784550,16784550,1678147606510,false
7125134,0.2036000,6224,16784551,16784555,1678147610779,false
7125135,0.2037000,982,16784556,16784556,1678147611117,false
7125136,0.2038000,1068,16784557,16784559,1678147615587,true
7125137,0.2038000,930,16784560,16784561,1678147617119,true
7125138,0.2038000,665,16784562,16784562,1678147617248,false
7125139,0.2037000,2727,16784563,16784565,1678147620004,true
7125140,0.2037000,1011,16784566,16784566,1678147629842,true
7125141,0.2037000,6269,16784567,16784571,1678147632254,true
7125142,0.2037000,13089,16784572,16784581,1678147636859,false
7125143,0.2038000,981,16784582,16784583,1678147636899,false
7125144,0.2038000,4934,16784584,16784605,1678147651696,false
7125145,0.2039000,5470,16784606,16784627,1678147651697,false
7125146,0.2038000,4371,16784628,16784635,1678147666242,true
7125147,0.2037000,1443,16784636,16784637,1678147666417,true
7125148,0.2037000,1541,16784638,16784638,1678147667917,true
7125149,0.2037000,40,16784639,16784639,1678147693450,false
7125150,0.2037000,5855,16784640,16784645,1678147700095,false
7125151,0.2038000,35,16784646,16784646,1678147702559,false
7125152,0.2037000,4520,16784647,16784650,1678147702821,true
7125153,0.2036000,426,16784651,16784651,1678147702821,true
7125154,0.2037000,35,16784652,16784652,1678147709732,false
7125155,0.2036000,923,16784653,16784653,1678147711279,true
7125156,0.2036000,8071,16784654,16784659,1678147712816,true
7125157,0.2037000,35,16784660,16784660,1678147723831,false
7125158,0.2036000,500,16784661,16784661,1678147734782,true
7125159,0.2037000,35,16784662,16784662,1678147737012,false
7125160,0.2037000,683,16784663,16784664,1678147742781,false
7125161,0.2037000,1176,16784665,16784666,1678147743958,false
7125162,0.2037000,35,16784667,16784667,1678147748184,false
7125163,0.2037000,35,16784668,16784668,1678147757307,false
7125164,0.2036000,1846,16784669,16784673,1678147790551,true
7125165,0.2036000,492,16784674,16784674,1678147802879,false
7125166,0.2036000,689,16784675,16784676,1678147804404,false
7125167,0.2036000,580,16784677,16784677,1678147807644,false
7125168,0.2036000,5152,16784678,16784680,1678147822166,false
7125169,0.2036000,1907,16784681,16784682,1678147822485,false
7125170,0.2036000,1478,16784683,16784684,1678147849771,false
7125171,0.2035000,669,16784685,16784686,1678147855533,true
7125172,0.2036000,82,16784687,16784687,1678147861496,false
7125173,0.2035000,19078,16784688,16784701,1678147873414,true
7125174,0.2034000,2273,16784702,16784704,1678147894708,true
7125175,0.2034000,877,16784705,16784705,1678147894836,true
7125176,0.2033000,898,16784706,16784710,1678147921606,true
7125177,0.2032000,394,16784711,16784711,1678147921606,true
7125178,0.2033000,59,16784712,16784712,1678147922074,false
7125179,0.2032000,556,16784713,16784713,1678147922871,true
7125180,0.2032000,583,16784714,16784717,1678147923834,true
7125181,0.2032000,548,16784718,16784719,1678147924187,true
7125182,0.2032000,874,16784720,16784721,1678147938219,true
7125183,0.2032000,120,16784722,16784723,1678147938292,false
7125184,0.2031000,635,16784724,16784726,1678147938485,true
7125185,0.2031000,8383,16784727,16784734,1678147941002,true
7125186,0.2030000,3013,16784735,16784741,1678147941134,true
7125187,0.2030000,44,16784742,16784742,1678147942195,false
7125188,0.2030000,8824,16784743,16784749,1678147944085,false
7125189,0.2031000,984,16784750,16784750,1678147944132,false
7125190,0.2031000,643,16784751,16784752,1678147946350,false
7125191,0.2031000,3728,16784753,16784757,1678147947727,true
7125192,0.2030000,12824,16784758,16784768,1678147947728,true
7125193,0.2029000,2979,16784769,16784776,1678147947728,true
7125194,0.2030000,60,16784777,16784777,1678147947763,false
7125195,0.2030000,1102,16784778,16784780,1678147947970,false
7125196,0.2030000,2369,16784781,16784783,1678147953942,true
7125197,0.2030000,401,16784784,16784784,1678147957064,false
7125198,0.2030000,752,16784785,16784786,1678147972248,true
7125199,0.2030000,3635,16784787,16784791,1678147980859,true
7125200,0.2029000,2768,16784792,16784794,1678147980859,true
7125201,0.2029000,525,16784795,16784795,1678147983576,true
7125202,0.2030000,3428,16784796,16784798,1678147986493,false
7125203,0.2029000,4478,16784799,16784804,1678147991287,true
7125204,0.2029000,120,16784805,16784806,1678147991355,false
7125205,0.2029000,60,16784807,16784807,1678147993219,false
7125206,0.2028000,2280,16784808,16784812,1678148017931,true
7125207,0.2028000,2087,16784813,16784814,1678148022868,true
7125208,0.2027000,8105,16784815,16784822,1678148022868,true
7125209,0.2028000,60,16784823,16784823,1678148022962,false
7125210,0.2028000,60,16784824,16784824,1678148032173,false
7125211,0.2028000,13090,16784825,16784829,1678148046387,false
7125212,0.2028000,719,16784830,16784830,1678148056760,true
7125213,0.2028000,1006,16784831,16784831,1678148056985,true
7125214,0.2028000,503,16784832,16784833,1678148065882,true
7125215,0.2029000,2527,16784834,16784836,1678148067562,false
7125216,0.2030000,7001,16784837,16784843,1678148067641,false
7125217,0.2031000,3208,16784844,16784847,1678148067705,false
7125218,0.2032000,798,16784848,16784850,1678148095763,false
7125219,0.2033000,1115,16784851,16784854,1678148095924,false
7125220,0.2033000,558,16784855,16784856,1678148102254,true
7125221,0.2033000,738,16784857,16784857,1678148102915,true
7125222,0.2033000,8598,16784858,16784867,1678148104413,true
7125223,0.2032000,1953,16784868,16784868,1678148104818,true
7125224,0.2032000,11686,16784869,16784880,1678148108627,true
7125225,0.2031000,500,16784881,16784881,1678148117697,true
7125226,0.2030000,12140,16784882,16784892,1678148120537,true
7125227,0.2029000,416,16784893,16784894,1678148123377,true
7125228,0.2029000,2174,16784895,16784896,1678148127364,true
7125229,0.2029000,2808,16784897,16784899,1678148132372,false
7125230,0.2030000,12848,16784900,16784908,1678148132418,false
7125231,0.2031000,60,16784909,16784909,1678148132458,false
7125232,0.2030000,625,16784910,16784910,1678148162755,true
7125233,0.2030000,959,16784911,16784913,1678148163638,true
7125234,0.2030000,1380,16784914,16784919,1678148164067,true
7125235,0.2029000,635,16784920,16784921,1678148164067,true
7125236,0.2029000,10035,16784922,16784926,1678148198078,true
7125237,0.2028000,5661,16784927,16784930,1678148198079,true
7125238,0.2028000,2372,16784931,16784933,1678148209625,true
7125239,0.2028000,8846,16784934,16784937,1678148209676,false
7125240,0.2028000,4246,16784938,16784944,1678148231437,true
7125241,0.2028000,9886,16784945,16784950,1678148246739,false
7125242,0.2029000,2026,16784951,16784953,1678148273976,false
7125243,0.2030000,162,16784954,16784954,1678148274476,false
7125244,0.2030000,899,16784955,16784956,1678148283347,true
7125245,0.2030000,3675,16784957,16784962,1678148284379,true
7125246,0.2030000,6419,16784963,16784973,1678148332348,false
7125247,0.2030000,1333,16784974,16784976,1678148332453,false
7125248,0.2030000,2479,16784977,16784982,1678148345559,true
7125249,0.2029000,7612,16784983,16784990,1678148352102,true
7125250,0.2029000,1740,16784991,16784991,1678148356359,false
7125251,0.2029000,7647,16784992,16784999,1678148367706,false
7125252,0.2030000,2698,16785000,16785002,1678148395232,false
7125253,0.2031000,984,16785003,16785004,1678148395249,false
7125254,0.2031000,1031,16785005,16785007,1678148396691,false
7125255,0.2031000,1904,16785008,16785009,1678148396739,true
7125256,0.2031000,1987,16785010,16785013,1678148402728,true
7125257,0.2031000,4383,16785014,16785019,1678148402950,true
7125258,0.2030000,716,16785020,16785021,1678148403215,true
7125259,0.2030000,491,16785022,16785022,1678148404322,true
7125260,0.2029000,1195,16785023,16785024,1678148404322,true
7125261,0.2029000,851,16785025,16785025,1678148406697,true
7125262,0.2029000,956,16785026,16785027,1678148415160,true
7125263,0.2030000,419,16785028,16785029,1678148421616,false
7125264,0.2030000,4647,16785030,16785033,1678148422395,false
7125265,0.2031000,1049,16785034,16785036,1678148444287,true
7125266,0.2030000,1249,16785037,16785039,1678148446095,false
7125267,0.2030000,1050,16785040,16785041,1678148446245,false
7125268,0.2031000,476,16785042,16785043,1678148462295,false
7125269,0.2031000,1280,16785044,16785046,1678148462654,true
7125270,0.2031000,393,16785047,16785048,1678148482215,true
7125271,0.2032000,4108,16785049,16785056,1678148506231,false
7125272,0.2033000,737,16785057,16785057,1678148519096,false
7125273,0.2034000,334,16785058,16785058,1678148519096,false
7125274,0.2033000,107,16785059,16785060,1678148524434,true
7125275,0.2033000,4411,16785061,16785070,1678148559564,true
7125276,0.2033000,78,16785071,16785071,1678148571981,false
7125277,0.2033000,2052,16785072,16785076,1678148581532,false
7125278,0.2034000,78,16785077,16785077,1678148585177,false
7125279,0.2034000,78,16785078,16785078,1678148593290,false
7125280,0.2034000,78,16785079,16785079,1678148601402,false
7125281,0.2034000,78,16785080,16785081,1678148610557,false
7125282,0.2033000,370,16785082,16785082,1678148619260,true
7125283,0.2034000,78,16785083,16785083,1678148623681,false
7125284,0.2034000,406,16785084,16785084,1678148626453,false
7125285,0.2034000,78,16785085,16785085,1678148634838,false
7125286,0.2033000,660,16785086,16785088,1678148643914,true
7125287,0.2033000,301,16785089,16785089,1678148678445,true
7125288,0.2032000,320,16785090,16785091,1678148702141,true
7125289,0.2031000,3636,16785092,16785097,1678148702477,false
7125290,0.2031000,879,16785098,16785099,1678148704431,true
7125291,0.2031000,794,16785100,16785101,1678148721677,true
7125292,0.2031000,957,16785102,16785102,1678148722332,true
7125293,0.2032000,211,16785103,16785104,1678148726177,false
7125294,0.2032000,3554,16785105,16785111,1678148738764,false
7125295,0.2032000,2704,16785112,16785118,1678148739333,false
7125296,0.2032000,82,16785119,16785119,1678148760272,true
7125297,0.2032000,553,16785120,16785121,1678148762626,true
7125298,0.2032000,4310,16785122,16785130,1678148775616,true
7125299,0.2031000,6541,16785131,16785134,1678148786315,true
7125300,0.2031000,1516,16785135,16785136,1678148796367,false
7125301,0.2030000,4065,16785137,16785139,1678148810370,true
7125302,0.2030000,4435,16785140,16785142,1678148810491,true
7125303,0.2029000,289,16785143,16785143,1678148821391,true
7125304,0.2028000,500,16785144,16785144,1678148822682,true
7125305,0.2028000,1205,16785145,16785146,1678148823911,true
7125306,0.2028000,4109,16785147,16785147,1678148824613,true
7125307,0.2028000,286,16785148,16785148,1678148825494,true
7125308,0.2027000,245,16785149,16785150,1678148827374,true
7125309,0.2027000,4191,16785151,16785158,1678148827778,false
7125310,0.2027000,347,16785159,16785159,1678148828144,false
7125311,0.2026000,1928,16785160,16785165,1678148829241,true
7125312,0.2025000,2183,16785166,16785174,1678148830559,true
7125313,0.2024000,1482,16785175,16785180,1678148830559,true
7125314,0.2025000,1353,16785181,16785182,1678148831222,false
7125315,0.2025000,505,16785183,16785183,1678148831412,false
7125316,0.2026000,2529,16785184,16785188,1678148836836,false
7125317,0.2027000,1652,16785189,16785191,1678148837141,true
7125318,0.2027000,1606,16785192,16785196,1678148842584,true
7125319,0.2027000,64,16785197,16785197,1678148844659,false
7125320,0.2027000,3218,16785198,16785202,1678148846144,false
7125321,0.2027000,4171,16785203,16785209,1678148853757,true
7125322,0.2027000,59,16785210,16785210,1678148856827,false
7125323,0.2027000,1529,16785211,16785212,1678148861502,false
7125324,0.2027000,59,16785213,16785213,1678148871013,false
7125325,0.2026000,457,16785214,16785215,1678148877620,true
7125326,0.2026000,7700,16785216,16785224,1678148879054,false
7125327,0.2027000,59,16785225,16785225,1678148879171,false
7125328,0.2026000,674,16785226,16785227,1678148883793,true
7125329,0.2027000,2730,16785228,16785232,1678148892302,false
7125330,0.2028000,3816,16785233,16785238,1678148892305,false
7125331,0.2029000,4935,16785239,16785243,1678148892307,false
7125332,0.2029000,1152,16785244,16785245,1678148892606,true
7125333,0.2029000,59,16785246,16785246,1678148893344,false
7125334,0.2028000,5008,16785247,16785253,1678148903257,true
7125335,0.2027000,1358,16785254,16785256,1678148903800,true
7125336,0.2027000,59,16785257,16785257,1678148906577,false
7125337,0.2027000,59,16785258,16785258,1678148913673,false
7125338,0.2026000,5474,16785259,16785264,1678148919827,true
7125339,0.2025000,17339,16785265,16785271,1678148919827,true
7125340,0.2024000,3581,16785272,16785274,1678148919831,true
7125341,0.2023000,247,16785275,16785275,1678148919841,true
7125342,0.2023000,3472,16785276,16785280,1678148920081,true
7125343,0.2022000,4892,16785281,16785288,1678148920342,true
7125344,0.2021000,1236,16785289,16785292,1678148920342,true
7125345,0.2021000,5881,16785293,16785299,1678148920521,true
7125346,0.2020000,4372,16785300,16785307,1678148920526,true
7125347,0.2019000,5076,16785308,16785315,1678148920537,true
7125348,0.2019000,7804,16785316,16785319,1678148921093,true
7125349,0.2018000,1658,16785320,16785323,1678148921093,true
7125350,0.2019000,7391,16785324,16785341,1678148921102,false
7125351,0.2020000,6215,16785342,16785347,1678148921128,false
7125352,0.2021000,11475,16785348,16785356,1678148921146,false
7125353,0.2022000,2932,16785357,16785358,1678148921168,false
7125354,0.2023000,5636,16785359,16785364,1678148921188,false
7125355,0.2023000,2778,16785365,16785368,1678148921237,true
7125356,0.2022000,123,16785369,16785369,1678148921549,true
7125357,0.2023000,242,16785370,16785370,1678148921881,false
7125358,0.2023000,2383,16785371,16785373,1678148922681,false
7125359,0.2022000,1488,16785374,16785377,1678148926898,true
7125360,0.2022000,2870,16785378,16785381,1678148928091,true
7125361,0.2021000,1136,16785382,16785382,1678148928091,true
7125362,0.2022000,822,16785383,16785384,1678148942713,false
7125363,0.2022000,644,16785385,16785386,1678148943315,false
7125364,0.2021000,1069,16785387,16785388,1678148945501,true
7125365,0.2022000,2518,16785389,16785392,1678148960164,false
7125366,0.2023000,2079,16785393,16785398,1678148962492,true
7125367,0.2023000,5866,16785399,16785405,1678148975382,true
7125368,0.2022000,442,16785406,16785406,1678148975782,true
7125369,0.2021000,1693,16785407,16785408,1678148993731,true
7125370,0.2021000,567,16785409,16785410,1678149002309,false
7125371,0.2020000,1583,16785411,16785412,1678149002809,true
7125372,0.2021000,1696,16785413,16785416,1678149002853,false
7125373,0.2021000,1059,16785417,16785418,1678149003721,false
7125374,0.2022000,527,16785419,16785420,1678149003721,false
7125375,0.2022000,1515,16785421,16785422,1678149004417,false
7125376,0.2022000,1617,16785423,16785424,1678149004715,false
7125377,0.2023000,1005,16785425,16785426,1678149004795,false
7125378,0.2023000,1167,16785427,16785429,1678149008359,false
7125379,0.2024000,3609,16785430,16785433,1678149009019,false
7125380,0.2024000,596,16785434,16785434,1678149009240,false
7125381,0.2024000,1611,16785435,16785436,1678149009342,false
7125382,0.2024000,491,16785437,16785437,1678149009492,false
7125383,0.2025000,1837,16785438,16785441,1678149011180,false
7125384,0.2026000,2433,16785442,16785445,1678149012271,false
7125385,0.2027000,1146,16785446,16785446,1678149013115,false
7125386,0.2027000,690,16785447,16785448,1678149014047,false
7125387,0.2027000,647,16785449,16785449,1678149014381,true
7125388,0.2028000,3219,16785450,16785453,1678149015252,false
7125389,0.2029000,2568,16785454,16785456,1678149016460,false
7125390,0.2030000,546,16785457,16785459,1678149017918,false
7125391,0.2030000,7207,16785460,16785463,1678149018460,false
7125392,0.2031000,4230,16785464,16785466,1678149019335,false
7125393,0.2031000,657,16785467,16785467,1678149020320,false
7125394,0.2031000,878,16785468,16785468,1678149020956,false
7125395,0.2032000,633,16785469,16785469,1678149020956,false
7125396,0.2031000,1450,16785470,16785472,1678149021419,true
7125397,0.2031000,3119,16785473,16785476,1678149021795,true
7125398,0.2032000,605,16785477,16785479,1678149021850,false
7125399,0.2030000,4058,16785480,16785483,1678149022033,true
7125400,0.2029000,3369,16785484,16785487,1678149022401,true
7125401,0.2029000,289,16785488,16785488,1678149022566,true
7125402,0.2029000,1829,16785489,16785490,1678149023016,true
7125403,0.2029000,330,16785491,16785491,1678149023279,true
7125404,0.2029000,4194,16785492,16785496,1678149023499,false
7125405,0.2029000,1065,16785497,16785498,1678149023663,false
7125406,0.2029000,292,16785499,16785499,1678149023841,false
7125407,0.2028000,1178,16785500,16785502,1678149025796,true
7125408,0.2028000,2850,16785503,16785506,1678149026545,false
7125409,0.2028000,500,16785507,16785507,1678149027931,true
7125410,0.2028000,1278,16785508,16785509,1678149028735,false
7125411,0.2027000,1771,16785510,16785513,1678149030107,true
7125412,0.2026000,462,16785514,16785515,1678149031876,true
7125413,0.2026000,2621,16785516,16785521,1678149033287,false
7125414,0.2026000,193,16785522,16785523,1678149033432,false
7125415,0.2027000,550,16785524,16785525,1678149034963,false
7125416,0.2027000,500,16785526,16785526,1678149035502,true
7125417,0.2026000,4510,16785527,16785530,1678149035502,true
7125418,0.2026000,297,16785531,16785531,1678149037155,false
7125419,0.2027000,2609,16785532,16785533,1678149045391,false
7125420,0.2027000,314,16785534,16785534,1678149047020,false
7125421,0.2027000,1150,16785535,16785536,1678149048437,true
7125422,0.2026000,500,16785537,16785537,1678149048556,false
7125423,0.2027000,2903,16785538,16785540,1678149053167,false
7125424,0.2028000,8522,16785541,16785547,1678149053167,false
7125425,0.2028000,301,16785548,16785548,1678149055233,true
7125426,0.2027000,2562,16785549,16785551,1678149064021,true
7125427,0.2027000,785,16785552,16785553,1678149066165,true
7125428,0.2026000,500,16785554,16785554,1678149069618,true
7125429,0.2025000,9075,16785555,16785561,1678149069618,true
7125430,0.2025000,4669,16785562,16785565,1678149070384,false
7125431,0.2026000,500,16785566,16785566,1678149071505,true
7125432,0.2026000,500,16785567,16785567,1678149072414,true
7125433,0.2025000,2533,16785568,16785569,1678149073440,true
7125434,0.2024000,2692,16785570,16785573,1678149074872,true
7125435,0.2023000,1822,16785574,16785575,1678149076737,true
7125436,0.2022000,1025,16785576,16785577,1678149078582,false
7125437,0.2022000,631,16785578,16785580,1678149080058,false
7125438,0.2023000,541,16785581,16785581,1678149085220,false
7125439,0.2023000,72,16785582,16785582,1678149090901,false
7125440,0.2023000,827,16785583,16785584,1678149091869,false
7125441,0.2023000,66,16785585,16785585,1678149099162,false
7125442,0.2022000,63,16785586,16785586,1678149100056,true
7125443,0.2023000,1484,16785587,16785591,1678149104948,false
7125444,0.2024000,9074,16785592,16785597,1678149109316,false
7125445,0.2026000,66,16785598,16785598,1678149113362,false
7125446,0.2026000,289,16785599,16785599,1678149116273,false
7125447,0.2026000,41,16785600,16785600,1678149120132,true
7125448,0.2027000,66,16785601,16785601,1678149122469,false
7125449,0.2027000,804,16785602,16785602,1678149122761,false
7125450,0.2026000,4459,16785603,16785608,1678149124136,true
7125451,0.2027000,196,16785609,16785610,1678149132637,false
7125452,0.2028000,491,16785611,16785611,1678149133386,false
7125453,0.2029000,185,16785612,16785613,1678149133766,false
7125454,0.2029000,597,16785614,16785615,1678149134030,false
7125455,0.2030000,119,16785616,16785617,1678149136196,false
7125456,0.2029000,1108,16785618,16785621,1678149136620,true
7125457,0.2029000,66,16785622,16785622,1678149148562,false
7125458,0.2028000,189,16785623,16785623,1678149150049,true
7125459,0.2028000,2781,16785624,16785628,1678149151383,true
7125460,0.2027000,83,16785629,16785629,1678149151796,true
7125461,0.2027000,7884,16785630,16785635,1678149153085,true
7125462,0.2026000,723,16785636,16785637,1678149153129,true
7125463,0.2026000,2467,16785638,16785639,1678149156074,true
7125464,0.2027000,66,16785640,16785640,1678149159821,false
7125465,0.2027000,358,16785641,16785641,1678149163429,false
7125466,0.2028000,500,16785642,16785642,1678149173647,false
7125467,0.2029000,1517,16785643,16785645,1678149174014,false
7125468,0.2029000,3146,16785646,16785649,1678149174125,false
7125469,0.2029000,3417,16785650,16785653,1678149175542,true
7125470,0.2028000,2259,16785654,16785657,1678149176463,false
7125471,0.2028000,500,16785658,16785658,1678149176622,true
7125472,0.2027000,8298,16785659,16785666,1678149176624,true
7125473,0.2027000,208,16785667,16785667,1678149177225,false
7125474,0.2027000,1119,16785668,16785671,1678149180024,false
7125475,0.2028000,812,16785672,16785673,1678149183042,false
7125476,0.2027000,1311,16785674,16785675,1678149192453,true
7125477,0.2026000,2713,16785676,16785682,1678149192884,true
7125478,0.2025000,3752,16785683,16785688,1678149194443,true
7125479,0.2025000,6381,16785689,16785700,1678149196370,false
7125480,0.2025000,648,16785701,16785701,1678149196498,false
7125481,0.2025000,2846,16785702,16785704,1678149201934,true
7125482,0.2024000,221,16785705,16785705,1678149202142,true
7125483,0.2025000,479,16785706,16785707,1678149204195,false
7125484,0.2025000,1648,16785708,16785711,1678149204309,false
7125485,0.2025000,2691,16785712,16785714,1678149206162,true
7125486,0.2024000,8188,16785715,16785719,1678149212761,true
7125487,0.2023000,289,16785720,16785720,1678149212798,true
7125488,0.2023000,54,16785721,16785721,1678149212808,false
7125489,0.2023000,2892,16785722,16785725,1678149213737,false
7125490,0.2024000,7012,16785726,16785728,1678149214224,false
7125491,0.2024000,2580,16785729,16785730,1678149219101,true
7125492,0.2023000,99,16785731,16785731,1678149219679,true
7125493,0.2023000,1521,16785732,16785734,1678149226057,false
7125494,0.2023000,71,16785735,16785735,1678149227611,true
7125495,0.2023000,1087,16785736,16785738,1678149230693,true
7125496,0.2023000,72,16785739,16785739,1678149232225,false
7125497,0.2023000,26,16785740,16785740,1678149234471,true
7125498,0.2022000,32,16785741,16785741,1678149236242,false
7125499,0.2023000,7853,16785742,16785747,1678149242501,false
7125500,0.2024000,937,16785748,16785749,1678149246664,false
7125501,0.2025000,6604,16785750,16785751,1678149248886,false
7125502,0.2025000,40,16785752,16785752,1678149249041,false
7125503,0.2025000,4260,16785753,16785757,1678149261204,true
7125504,0.2025000,933,16785758,16785759,1678149276423,false
7125505,0.2025000,114,16785760,16785760,1678149281583,true
7125506,0.2024000,15272,16785761,16785766,1678149284414,true
7125507,0.2024000,1185,16785767,16785768,1678149304595,false
7125508,0.2025000,702,16785769,16785769,1678149304595,false
7125509,0.2024000,374,16785770,16785771,1678149316707,true
7125510,0.2024000,1397,16785772,16785772,1678149316749,false
7125511,0.2023000,287,16785773,16785773,1678149317349,true
7125512,0.2024000,4645,16785774,16785777,1678149321861,false
7125513,0.2025000,10086,16785778,16785781,1678149321861,false
7125514,0.2026000,13970,16785782,16785788,1678149321861,false
7125515,0.2026000,14113,16785789,16785795,1678149322233,false
7125516,0.2027000,9785,16785796,16785801,1678149322233,false
7125517,0.2026000,60,16785802,16785802,1678149322299,true
7125518,0.2027000,858,16785803,16785803,1678149322402,false
7125519,0.2028000,9869,16785804,16785810,1678149322503,false
7125520,0.2028000,140,16785811,16785812,1678149322545,true
7125521,0.2029000,1542,16785813,16785815,1678149323533,false
7125522,0.2029000,12831,16785816,16785823,1678149324063,true
7125523,0.2028000,81,16785824,16785824,1678149324099,true
7125524,0.2028000,244,16785825,16785825,1678149330103,true
7125525,0.2028000,7584,16785826,16785831,1678149332266,true
7125526,0.2027000,49,16785832,16785832,1678149333416,false
7125527,0.2028000,7080,16785833,16785835,1678149353469,false
7125528,0.2029000,333,16785836,16785836,1678149353526,false
7125529,0.2030000,848,16785837,16785841,1678149369782,false
7125530,0.2031000,53,16785842,16785842,1678149369796,false
7125531,0.2030000,180,16785843,16785844,1678149372038,true
7125532,0.2030000,37,16785845,16785845,1678149380023,true
7125533,0.2030000,168,16785846,16785846,1678149384099,true
7125534,0.2030000,193,16785847,16785847,1678149388034,true
7125535,0.2031000,717,16785848,16785850,1678149389729,false
7125536,0.2032000,2862,16785851,16785858,1678149389902,false
7125537,0.2032000,245,16785859,16785859,1678149390107,true
7125538,0.2032000,4162,16785860,16785862,1678149392138,true
7125539,0.2031000,3841,16785863,16785866,1678149392679,true
7125540,0.2030000,7908,16785867,16785873,1678149392775,true
7125541,0.2030000,4416,16785874,16785876,1678149392944,true
7125542,0.2030000,3094,16785877,16785879,1678149393548,false
7125543,0.2030000,49,16785880,16785880,1678149393806,true
7125544,0.2030000,193,16785881,16785881,1678149398115,true
7125545,0.2030000,3043,16785882,16785888,1678149401671,true
7125546,0.2029000,995,16785889,16785891,1678149402851,true
7125547,0.2029000,125,16785892,16785893,1678149403466,false
7125548,0.2030000,2998,16785894,16785896,1678149404330,false
7125549,0.2029000,2172,16785897,16785901,1678149425578,true
7125550,0.2028000,1660,16785902,16785904,1678149427837,true
7125551,0.2028000,4150,16785905,16785910,1678149433076,false
7125552,0.2028000,1970,16785911,16785916,1678149433203,false
7125553,0.2029000,1594,16785917,16785918,1678149433451,false
7125554,0.2029000,9372,16785919,16785926,1678149433646,false
7125555,0.2029000,1151,16785927,16785929,1678149433704,true
7125556,0.2029000,227,16785930,16785930,1678149466571,false
7125557,0.2029000,2256,16785931,16785934,1678149473827,false
7125558,0.2030000,1934,16785935,16785936,1678149485135,false
7125559,0.2029000,35,16785937,16785937,1678149496355,true
7125560,0.2029000,15853,16785938,16785947,1678149513544,true
7125561,0.2028000,2615,16785948,16785951,1678149513553,true
7125562,0.2029000,449,16785952,16785952,1678149539386,false
7125563,0.2029000,708,16785953,16785954,1678149542922,true
7125564,0.2029000,4071,16785955,16785956,1678149546746,true
7125565,0.2028000,457,16785957,16785958,1678149548221,true
7125566,0.2027000,9364,16785959,16785963,1678149558236,true
7125567,0.2026000,2957,16785964,16785965,1678149558236,true
7125568,0.2026000,3109,16785966,16785969,1678149559094,true
7125569,0.2025000,6401,16785970,16785975,1678149559094,true
7125570,0.2026000,454,16785976,16785976,1678149559121,false
7125571,0.2026000,1758,16785977,16785979,1678149559242,false
7125572,0.2026000,650,16785980,16785980,1678149559350,false
7125573,0.2026000,246,16785981,16785981,1678149567671,true
7125574,0.2027000,182,16785982,16785982,1678149570358,false
7125575,0.2027000,9011,16785983,16785988,1678149576628,false
7125576,0.2027000,680,16785989,16785990,1678149579737,true
7125577,0.2027000,208,16785991,16785991,1678149581254,true
7125578,0.2027000,132,16785992,16785992,1678149582251,true
7125579,0.2026000,3639,16785993,16785996,1678149583110,true
7125580,0.2026000,1069,16785997,16785998,1678149603491,false
7125581,0.2026000,1073,16785999,16786000,1678149603727,false
7125582,0.2027000,623,16786001,16786002,1678149603727,false
7125583,0.2027000,9120,16786003,16786008,1678149619432,false
7125584,0.2028000,3547,16786009,16786012,1678149621884,false
7125585,0.2028000,37,16786013,16786013,1678149622282,false
7125586,0.2029000,14904,16786014,16786024,1678149622307,false
7125587,0.2029000,370,16786025,16786025,1678149624050,true
7125588,0.2029000,369,16786026,16786027,1678149628095,true
7125589,0.2029000,293,16786028,16786028,1678149630079,true
7125590,0.2029000,358,16786029,16786029,1678149634117,true
7125591,0.2029000,2314,16786030,16786035,1678149638067,true
7125592,0.2028000,382,16786036,16786036,1678149642113,true
7125593,0.2028000,2466,16786037,16786040,1678149649361,true
7125594,0.2028000,11094,16786041,16786041,1678149649472,true
7125595,0.2027000,6187,16786042,16786043,1678149649673,true
7125596,0.2027000,214,16786044,16786044,1678149650170,true
7125597,0.2028000,1364,16786045,16786048,1678149664224,false
7125598,0.2029000,3639,16786049,16786050,1678149674692,false
7125599,0.2028000,175,16786051,16786051,1678149680110,true
7125600,0.2029000,9052,16786052,16786055,1678149692929,false
7125601,0.2030000,22319,16786056,16786067,1678149692938,false
7125602,0.2031000,1881,16786068,16786069,1678149693003,false
7125603,0.2031000,60,16786070,16786070,1678149693016,true
7125604,0.2031000,252,16786071,16786071,1678149694020,true
7125605,0.2031000,252,16786072,16786073,1678149698067,true
7125606,0.2031000,253,16786074,16786074,1678149702117,true
7125607,0.2031000,142,16786075,16786076,1678149706055,true
7125608,0.2031000,233,16786077,16786077,1678149710058,true
7125609,0.2031000,253,16786078,16786078,1678149714074,true
7125610,0.2031000,253,16786079,16786079,1678149718024,true
7125611,0.2031000,252,16786080,16786080,1678149720105,true
7125612,0.2032000,949,16786081,16786083,1678149723526,false
7125613,0.2032000,1324,16786084,16786087,1678149727479,false
7125614,0.2033000,3230,16786088,16786094,1678149728762,false
7125615,0.2033000,155,16786095,16786095,1678149732077,true
7125616,0.2033000,6313,16786096,16786098,1678149733809,true
7125617,0.2032000,11461,16786099,16786106,1678149733958,true
7125618,0.2031000,800,16786107,16786107,1678149734027,true
7125619,0.2031000,948,16786108,16786108,1678149738939,true
7125620,0.2030000,429,16786109,16786110,1678149747998,true
7125621,0.2030000,290,16786111,16786111,1678149757614,false
7125622,0.2030000,500,16786112,16786112,1678149757720,false
7125623,0.2031000,626,16786113,16786114,1678149782855,false
7125624,0.2031000,2703,16786115,16786118,1678149809830,false
7125625,0.2032000,14518,16786119,16786132,1678149828086,false
7125626,0.2033000,394,16786133,16786135,1678149841062,false
7125627,0.2034000,847,16786136,16786138,1678149843091,false
7125628,0.2034000,537,16786139,16786139,1678149843324,false
7125629,0.2033000,158,16786140,16786140,1678149844103,true
7125630,0.2033000,158,16786141,16786141,1678149848042,true
7125631,0.2033000,3028,16786142,16786144,1678149851326,true
7125632,0.2033000,157,16786145,16786145,1678149856058,true
7125633,0.2033000,144,16786146,16786146,1678149860106,true
7125634,0.2034000,4555,16786147,16786151,1678149862085,false
7125635,0.2034000,1175,16786152,16786153,1678149862618,true
7125636,0.2035000,3113,16786154,16786162,1678149863470,false
7125637,0.2035000,222,16786163,16786163,1678149864102,true
7125638,0.2035000,222,16786164,16786165,1678149868140,true
7125639,0.2035000,222,16786166,16786166,1678149870106,true
7125640,0.2035000,64,16786167,16786167,1678149874037,true
7125641,0.2035000,64,16786168,16786168,1678149878073,true
7125642,0.2035000,6066,16786169,16786172,1678149878187,true
7125643,0.2034000,1117,16786173,16786175,1678149879751,true
7125644,0.2033000,4313,16786176,16786184,1678149902588,true
7125645,0.2033000,1038,16786185,16786187,1678149902709,false
7125646,0.2033000,1677,16786188,16786191,1678149902826,false
7125647,0.2033000,1079,16786192,16786193,1678149903416,false
7125648,0.2033000,584,16786194,16786196,1678149903792,false
7125649,0.2034000,394,16786197,16786197,1678149903792,false
7125650,0.2034000,1079,16786198,16786199,1678149904511,false
7125651,0.2034000,1239,16786200,16786201,1678149907212,false
7125652,0.2035000,6455,16786202,16786208,1678149923279,false
7125653,0.2036000,763,16786209,16786212,1678149923279,false
7125654,0.2035000,1442,16786213,16786214,1678149939848,true
7125655,0.2035000,235,16786215,16786215,1678149941151,false
7125656,0.2035000,1653,16786216,16786217,1678149947483,false
7125657,0.2035000,5060,16786218,16786222,1678149947644,false
7125658,0.2035000,421,16786223,16786223,1678149949404,true
7125659,0.2035000,2177,16786224,16786226,1678149957051,true
7125660,0.2034000,984,16786227,16786228,1678149957198,true
7125661,0.2034000,544,16786229,16786229,1678149963928,true
7125662,0.2035000,476,16786230,16786231,1678149997213,false
7125663,0.2035000,3226,16786232,16786236,1678150032396,false
7125664,0.2035000,6206,16786237,16786243,1678150044350,true
7125665,0.2034000,246,16786244,16786244,1678150044481,true
7125666,0.2034000,2821,16786245,16786247,1678150045288,true
7125667,0.2034000,31263,16786248,16786254,1678150045446,true
7125668,0.2033000,6974,16786255,16786261,1678150045539,true
7125669,0.2032000,136,16786262,16786263,1678150045722,true
7125670,0.2033000,73,16786264,16786264,1678150050047,false
7125671,0.2032000,337,16786265,16786267,1678150055289,true
7125672,0.2031000,246,16786268,16786268,1678150055299,true
7125673,0.2031000,5707,16786269,16786276,1678150058999,false
7125674,0.2031000,500,16786277,16786277,1678150074230,false
7125675,0.2032000,77,16786278,16786279,1678150080069,false
7125676,0.2031000,597,16786280,16786281,1678150083669,true
7125677,0.2031000,1912,16786282,16786283,1678150083892,true
7125678,0.2030000,1322,16786284,16786290,1678150091125,true
7125679,0.2029000,119,16786291,16786291,1678150093754,true
7125680,0.2030000,54,16786292,16786292,1678150096123,false
7125681,0.2030000,54,16786293,16786293,1678150096337,false
7125682,0.2030000,2754,16786294,16786299,1678150097443,false
7125683,0.2030000,152,16786300,16786300,1678150101477,true
7125684,0.2030000,411,16786301,16786303,1678150103240,true
7125685,0.2030000,1201,16786304,16786306,1678150108646,false
7125686,0.2030000,160,16786307,16786307,1678150110065,false
7125687,0.2030000,13321,16786308,16786317,1678150141666,false
7125688,0.2031000,20649,16786318,16786326,1678150141666,false
7125689,0.2032000,22410,16786327,16786340,1678150141666,false
7125690,0.2033000,7792,16786341,16786347,1678150141698,false
7125691,0.2032000,3432,16786348,16786351,1678150141703,true
7125692,0.2033000,11891,16786352,16786356,1678150141705,false
7125693,0.2033000,4773,16786357,16786358,1678150163867,false
7125694,0.2034000,8188,16786359,16786364,1678150163877,false
7125695,0.2034000,9168,16786365,16786373,1678150169190,true
7125696,0.2033000,313,16786374,16786374,1678150169885,true
7125697,0.2033000,634,16786375,16786375,1678150193372,true
7125698,0.2034000,729,16786376,16786377,1678150202992,false
7125699,0.2034000,550,16786378,16786378,1678150203587,false
7125700,0.2034000,524,16786379,16786379,1678150203688,false
7125701,0.2033000,787,16786380,16786381,1678150204246,true
7125702,0.2034000,787,16786382,16786382,1678150207676,false
7125703,0.2035000,441,16786383,16786384,1678150209500,false
7125704,0.2034000,2666,16786385,16786389,1678150218329,true
7125705,0.2033000,246,16786390,16786390,1678150218339,true
7125706,0.2033000,559,16786391,16786392,1678150218624,true
7125707,0.2032000,426,16786393,16786393,1678150218625,true
7125708,0.2032000,1554,16786394,16786395,1678150221718,true
7125709,0.2032000,352,16786396,16786397,1678150222807,true
7125710,0.2031000,706,16786398,16786398,1678150222807,true
7125711,0.2032000,699,16786399,16786400,1678150224089,false
7125712,0.2032000,1875,16786401,16786403,1678150224989,false
7125713,0.2032000,1093,16786404,16786404,1678150225253,true
7125714,0.2032000,6802,16786405,16786409,1678150226548,false
7125715,0.2031000,1000,16786410,16786411,1678150226904,false
7125716,0.2031000,500,16786412,16786412,1678150227745,true
7125717,0.2031000,305,16786413,16786413,1678150228030,false
7125718,0.2031000,938,16786414,16786416,1678150230127,false
7125719,0.2031000,112,16786417,16786417,1678150234395,false
7125720,0.2032000,1211,16786418,16786419,1678150234395,false
7125721,0.2032000,3709,16786420,16786424,1678150261889,false
7125722,0.2032000,5443,16786425,16786436,1678150261992,false
7125723,0.2033000,6814,16786437,16786442,1678150262259,false
7125724,0.2032000,549,16786443,16786444,1678150262884,true
7125725,0.2032000,550,16786445,16786445,1678150263562,true
7125726,0.2032000,13404,16786446,16786456,1678150275909,true
7125727,0.2031000,246,16786457,16786457,1678150275961,true
7125728,0.2031000,1018,16786458,16786460,1678150288041,true
7125729,0.2031000,60,16786461,16786461,1678150306299,false
7125730,0.2031000,81,16786462,16786462,1678150314033,false
7125731,0.2031000,430,16786463,16786465,1678150326879,false
7125732,0.2031000,1335,16786466,16786466,1678150327081,false
7125733,0.2031000,4780,16786467,16786471,1678150344140,true
7125734,0.2030000,4634,16786472,16786476,1678150344149,true
7125735,0.2029000,9946,16786477,16786481,1678150344224,true
7125736,0.2029000,152,16786482,16786482,1678150348116,false
7125737,0.2029000,153,16786483,16786483,1678150350096,false
7125738,0.2029000,2908,16786484,16786485,1678150356205,false
7125739,0.2028000,796,16786486,16786486,1678150359294,true
7125740,0.2027000,9017,16786487,16786494,1678150359294,true
7125741,0.2026000,487,16786495,16786497,1678150361824,true
7125742,0.2026000,578,16786498,16786499,1678150362790,false
7125743,0.2026000,383,16786500,16786500,1678150374078,false
7125744,0.2026000,1855,16786501,16786505,1678150376628,false
7125745,0.2027000,156,16786506,16786506,1678150378113,false
7125746,0.2027000,156,16786507,16786507,1678150380080,false
7125747,0.2026000,840,16786508,16786509,1678150384370,true
7125748,0.2027000,140,16786510,16786510,1678150388063,false
7125749,0.2027000,313,16786511,16786511,1678150394577,false
7125750,0.2027000,4155,16786512,16786515,1678150394887,true
7125751,0.2026000,1180,16786516,16786520,1678150405193,true
7125752,0.2025000,6387,16786521,16786531,1678150405193,true
7125753,0.2026000,302,16786532,16786532,1678150405273,false
7125754,0.2026000,62,16786533,16786533,1678150408014,false
7125755,0.2026000,62,16786534,16786534,1678150410099,false
7125756,0.2026000,63,16786535,16786535,1678150418080,false
7125757,0.2026000,5272,16786536,16786544,1678150423640,false
7125758,0.2027000,302,16786545,16786545,1678150424214,false
7125759,0.2027000,4763,16786546,16786551,1678150425848,true
7125760,0.2026000,18673,16786552,16786564,1678150425849,true
7125761,0.2025000,8627,16786565,16786569,1678150425854,true
7125762,0.2026000,3249,16786570,16786573,1678150426324,false
7125763,0.2027000,495,16786574,16786574,1678150443044,false
7125764,0.2027000,3157,16786575,16786577,1678150444475,false
7125765,0.2028000,1282,16786578,16786580,1678150444574,false
7125766,0.2029000,1962,16786581,16786582,1678150444694,false
7125767,0.2028000,1917,16786583,16786587,1678150462584,true
7125768,0.2028000,2143,16786588,16786589,1678150498286,false
7125769,0.2029000,615,16786590,16786591,1678150502131,false
7125770,0.2029000,1425,16786592,16786592,1678150504424,false
7125771,0.2029000,31,16786593,16786593,1678150522536,false
7125772,0.2029000,3941,16786594,16786597,1678150522637,false
7125773,0.2030000,8078,16786598,16786604,1678150522677,false
7125774,0.2031000,1399,16786605,16786606,1678150523110,false
7125775,0.2030000,980,16786607,16786608,1678150524087,true
7125776,0.2030000,491,16786609,16786609,1678150528129,true
7125777,0.2030000,1437,16786610,16786612,1678150530116,true
7125778,0.2030000,4750,16786613,16786619,1678150548651,true
7125779,0.2029000,500,16786620,16786620,1678150549016,true
7125780,0.2029000,3236,16786621,16786624,1678150549423,false
7125781,0.2030000,10982,16786625,16786632,1678150549930,false
7125782,0.2031000,816,16786633,16786634,1678150550823,false
7125783,0.2031000,77,16786635,16786635,1678150554143,true
7125784,0.2031000,77,16786636,16786636,1678150558142,true
7125785,0.2031000,78,16786637,16786637,1678150560142,true
7125786,0.2031000,690,16786638,16786639,1678150563169,true
7125787,0.2030000,285,16786640,16786641,1678150563169,true
7125788,0.2030000,567,16786642,16786643,1678150563784,true
7125789,0.2031000,96,16786644,16786644,1678150568093,true
7125790,0.2032000,450,16786645,16786645,1678150575884,false
7125791,0.2031000,108,16786646,16786648,1678150583725,true
7125792,0.2032000,936,16786649,16786651,1678150623846,false
7125793,0.2032000,3074,16786652,16786657,1678150626903,false
7125794,0.2032000,2689,16786658,16786662,1678150648711,true
7125795,0.2032000,2729,16786663,16786665,1678150654551,false
7125796,0.2033000,521,16786666,16786668,1678150700519,false
7125797,0.2033000,135,16786669,16786669,1678150704051,true
7125798,0.2033000,365,16786670,16786670,1678150704257,true
7125799,0.2033000,1617,16786671,16786671,1678150707923,true
7125800,0.2033000,1183,16786672,16786674,1678150725340,false
7125801,0.2033000,88,16786675,16786675,1678150726056,true
7125802,0.2033000,104,16786676,16786676,1678150730222,true
7125803,0.2033000,135,16786677,16786677,1678150738073,true
7125804,0.2034000,8608,16786678,16786685,1678150739076,false
7125805,0.2035000,6756,16786686,16786693,1678150739076,false
7125806,0.2034000,365,16786694,16786694,1678150739085,true
7125807,0.2034000,135,16786695,16786695,1678150740057,true
7125808,0.2034000,135,16786696,16786696,1678150748072,true
7125809,0.2034000,92,16786697,16786697,1678150752120,true
7125810,0.2035000,468,16786698,16786699,1678150764805,false
7125811,0.2035000,44,16786700,16786700,1678150768093,true
7125812,0.2035000,43,16786701,16786701,1678150770053,true
7125813,0.2035000,69,16786702,16786702,1678150774104,true
7125814,0.2035000,5808,16786703,16786708,1678150774349,true
7125815,0.2035000,2688,16786709,16786710,1678150774835,false
7125816,0.2035000,44,16786711,16786711,1678150778042,true
7125817,0.2035000,44,16786712,16786712,1678150782105,true
7125818,0.2035000,1718,16786713,16786715,1678150783624,true
7125819,0.2035000,732,16786716,16786717,1678150788040,false
7125820,0.2035000,576,16786718,16786719,1678150802312,true
7125821,0.2035000,4632,16786720,16786727,1678150804303,true
7125822,0.2034000,246,16786728,16786728,1678150804354,true
7125823,0.2035000,1536,16786729,16786731,1678150804736,false
7125824,0.2035000,877,16786732,16786733,1678150805571,false
7125825,0.2035000,4359,16786734,16786738,1678150807628,false
7125826,0.2035000,1175,16786739,16786741,1678150810882,true
7125827,0.2036000,567,16786742,16786745,1678150811870,false
7125828,0.2035000,1064,16786746,16786746,1678150815673,true
7125829,0.2035000,44,16786747,16786747,1678150816079,true
7125830,0.2035000,44,16786748,16786748,1678150820054,true
7125831,0.2036000,520,16786749,16786749,1678150821224,false
7125832,0.2036000,58,16786750,16786750,1678150823825,false
7125833,0.2036000,1153,16786751,16786753,1678150824137,false
7125834,0.2036000,2808,16786754,16786757,1678150827921,false
7125835,0.2037000,7838,16786758,16786769,1678150828381,false
7125836,0.2038000,684,16786770,16786770,1678150829472,false
7125837,0.2037000,1703,16786771,16786772,1678150829553,true
7125838,0.2037000,907,16786773,16786774,1678150831647,true
7125839,0.2038000,53,16786775,16786775,1678150835967,false
7125840,0.2038000,616,16786776,16786776,1678150842916,false
7125841,0.2038000,53,16786777,16786777,1678150850173,false
7125842,0.2037000,98,16786778,16786778,1678150857351,true
7125843,0.2038000,53,16786779,16786779,1678150864406,false
7125844,0.2038000,53,16786780,16786780,1678150877592,false
7125845,0.2038000,7277,16786781,16786793,1678150883767,false
7125846,0.2039000,53,16786794,16786794,1678150889283,false
7125847,0.2039000,53,16786795,16786795,1678150898406,false
7125848,0.2039000,12109,16786796,16786806,1678150902169,false
7125849,0.2039000,7101,16786807,16786810,1678150902872,true
7125850,0.2040000,200,16786811,16786811,1678150904590,false
7125851,0.2040000,1272,16786812,16786813,1678150925747,false
7125852,0.2040000,2825,16786814,16786816,1678150925765,true
7125853,0.2041000,537,16786817,16786817,1678150932710,false
7125854,0.2041000,3746,16786818,16786830,1678150937000,false
7125855,0.2042000,25,16786831,16786831,1678150943449,false
7125856,0.2043000,740,16786832,16786835,1678150975324,false
7125857,0.2043000,2070,16786836,16786838,1678150975491,true
7125858,0.2043000,6814,16786839,16786843,1678150979429,true
7125859,0.2044000,6108,16786844,16786852,1678150980840,false
7125860,0.2045000,12304,16786853,16786864,1678150980840,false
7125861,0.2045000,20750,16786865,16786874,1678150981328,true
7125862,0.2044000,3276,16786875,16786878,1678150981374,true
7125863,0.2043000,49,16786879,16786879,1678150981476,true
7125864,0.2043000,579,16786880,16786880,1678150982788,true
7125865,0.2043000,5566,16786881,16786886,1678151015762,true
7125866,0.2043000,500,16786887,16786887,1678151015913,false
7125867,0.2043000,2006,16786888,16786892,1678151020020,false
7125868,0.2044000,245,16786893,16786894,1678151022261,false
7125869,0.2045000,2390,16786895,16786897,1678151028838,false
7125870,0.2046000,947,16786898,16786904,1678151029734,false
7125871,0.2047000,436,16786905,16786905,1678151067764,false
7125872,0.2046000,2936,16786906,16786911,1678151073255,true
7125873,0.2047000,8681,16786912,16786925,1678151096506,false
7125874,0.2047000,1175,16786926,16786927,1678151099160,true
7125875,0.2047000,893,16786928,16786928,1678151103987,true
7125876,0.2047000,227,16786929,16786929,1678151111929,true
7125877,0.2048000,135,16786930,16786930,1678151122155,false
7125878,0.2048000,758,16786931,16786932,1678151124479,false
7125879,0.2048000,944,16786933,16786934,1678151128270,true
7125880,0.2049000,878,16786935,16786938,1678151152460,false
7125881,0.2049000,529,16786939,16786939,1678151163566,true
7125882,0.2049000,769,16786940,16786940,1678151163894,true
7125883,0.2049000,28814,16786941,16786948,1678151164720,true
7125884,0.2048000,9524,16786949,16786956,1678151164944,true
7125885,0.2048000,1841,16786957,16786957,1678151165053,true
7125886,0.2048000,1616,16786958,16786960,1678151168458,false
7125887,0.2049000,1577,16786961,16786964,1678151170554,false
7125888,0.2050000,16053,16786965,16786979,1678151175473,false
7125889,0.2050000,95,16786980,16786980,1678151176095,true
7125890,0.2050000,93,16786981,16786981,1678151180107,true
7125891,0.2050000,45,16786982,16786982,1678151194069,true
7125892,0.2050000,43,16786983,16786983,1678151198114,true
7125893,0.2050000,45,16786984,16786984,1678151202058,true
7125894,0.2050000,10428,16786985,16786991,1678151205309,true
7125895,0.2049000,3602,16786992,16786994,1678151205551,true
7125896,0.2049000,500,16786995,16786995,1678151205729,false
7125897,0.2049000,645,16786996,16786996,1678151206087,false
7125898,0.2050000,1574,16786997,16786999,1678151213248,false
7125899,0.2051000,370,16787000,16787003,1678151221132,false
7125900,0.2051000,370,16787004,16787004,1678151221332,false
7125901,0.2051000,817,16787005,16787005,1678151222706,false
7125902,0.2051000,937,16787006,16787009,1678151223318,false
7125903,0.2052000,211,16787010,16787011,1678151223705,false
7125904,0.2052000,832,16787012,16787014,1678151223855,false
7125905,0.2052000,154,16787015,16787015,1678151224098,true
7125906,0.2052000,4472,16787016,16787021,1678151228124,true
7125907,0.2051000,77,16787022,16787022,1678151232071,true
7125908,0.2052000,16819,16787023,16787029,1678151264246,false
7125909,0.2053000,38,16787030,16787031,1678151264782,false
7125910,0.2052000,6202,16787032,16787038,1678151266030,true
7125911,0.2052000,48,16787039,16787039,1678151270084,true
7125912,0.2053000,9344,16787040,16787054,1678151274588,false
7125913,0.2054000,36,16787055,16787055,1678151277008,false
7125914,0.2053000,38,16787056,16787056,1678151277207,true
7125915,0.2053000,49,16787057,16787057,1678151279256,true
7125916,0.2053000,60,16787058,16787058,1678151279925,true
7125917,0.2053000,181,16787059,16787059,1678151281084,true
7125918,0.2054000,880,16787060,16787061,1678151283109,false
7125919,0.2054000,1045,16787062,16787064,1678151283690,false
7125920,0.2055000,198,16787065,16787065,1678151283690,false
7125921,0.2054000,645,16787066,16787067,1678151283726,true
7125922,0.2054000,36,16787068,16787068,1678151284132,false
7125923,0.2053000,55,16787069,16787069,1678151288062,true
7125924,0.2053000,37,16787070,16787070,1678151290339,true
7125925,0.2054000,48,16787071,16787071,1678151291196,false
7125926,0.2053000,98,16787072,16787072,1678151292049,true
7125927,0.2053000,52,16787073,16787073,1678151293374,true
7125928,0.2053000,55,16787074,16787074,1678151295261,true
7125929,0.2054000,36,16787075,16787075,1678151295322,false
7125930,0.2053000,77,16787076,16787077,1678151296118,true
7125931,0.2053000,5060,16787078,16787082,1678151299945,true
7125932,0.2053000,92,16787083,16787084,1678151302373,true
7125933,0.2053000,6998,16787085,16787089,1678151303788,true
7125934,0.2053000,1333,16787090,16787092,1678151304348,false
7125935,0.2053000,46,16787093,16787093,1678151304495,true
7125936,0.2053000,472,16787094,16787094,1678151306376,true
7125937,0.2054000,36,16787095,16787095,1678151309445,false
7125938,0.2053000,83,16787096,16787097,1678151311670,true
7125939,0.2053000,55,16787098,16787098,1678151312638,true
7125940,0.2054000,36,16787099,16787099,1678151316631,false
7125941,0.2053000,55,16787100,16787100,1678151319747,true
7125942,0.2054000,218,16787101,16787101,1678151320520,false
7125943,0.2053000,37,16787102,16787102,1678151320840,true
7125944,0.2053000,46,16787103,16787103,1678151325841,true
7125945,0.2054000,36,16787104,16787104,1678151327808,false
7125946,0.2054000,200,16787105,16787107,1678151329487,false
7125947,0.2054000,59,16787108,16787108,1678151329510,true
7125948,0.2054000,59,16787109,16787109,1678151329641,true
7125949,0.2055000,16111,16787110,16787124,1678151329714,false
7125950,0.2055000,55,16787125,16787125,1678151329860,true
7125951,0.2055000,172,16787126,16787126,1678151330073,true
7125952,0.2055000,37,16787127,16787127,1678151333949,true
7125953,0.2055000,46,16787128,16787128,1678151335997,true
7125954,0.2055000,95,16787129,16787129,1678151341045,true
7125955,0.2055000,46,16787130,16787130,1678151343264,true
7125956,0.2055000,30779,16787131,16787139,1678151343755,true
7125957,0.2054000,5388,16787140,16787145,1678151343770,true
7125958,0.2053000,1664,16787146,16787149,1678151343783,true
7125959,0.2053000,518,16787150,16787151,1678151343896,true
7125960,0.2052000,37,16787152,16787152,1678151347060,true
7125961,0.2053000,3177,16787153,16787155,1678151350541,false
7125962,0.2053000,631,16787156,16787156,1678151350676,true
7125963,0.2053000,46,16787157,16787157,1678151352377,true
7125964,0.2053000,5908,16787158,16787160,1678151357429,true
7125965,0.2053000,170,16787161,16787161,1678151375330,true
7125966,0.2053000,984,16787162,16787162,1678151383120,true
7125967,0.2054000,3681,16787163,16787168,1678151397668,false
7125968,0.2054000,1736,16787169,16787173,1678151398385,false
7125969,0.2054000,2630,16787174,16787178,1678151402267,true
7125970,0.2054000,613,16787179,16787179,1678151405840,true
7125971,0.2054000,16066,16787180,16787183,1678151427048,true
7125972,0.2055000,1947,16787184,16787185,1678151428017,false
7125973,0.2054000,1631,16787186,16787189,1678151428171,false
7125974,0.2055000,3122,16787190,16787193,1678151429160,false
7125975,0.2055000,3299,16787194,16787198,1678151429278,false
7125976,0.2056000,4866,16787199,16787206,1678151431354,false
7125977,0.2055000,209,16787207,16787207,1678151439662,true
7125978,0.2055000,29,16787208,16787208,1678151450416,true
7125979,0.2056000,2430,16787209,16787214,1678151459083,false
7125980,0.2057000,358,16787215,16787215,1678151460176,false
7125981,0.2057000,176,16787216,16787217,1678151460312,false
7125982,0.2058000,4724,16787218,16787225,1678151460312,false
7125983,0.2058000,626,16787226,16787226,1678151462693,false
7125984,0.2057000,967,16787227,16787228,1678151468193,true
7125985,0.2057000,88,16787229,16787229,1678151470534,true
7125986,0.2057000,22251,16787230,16787237,1678151471108,true
7125987,0.2056000,59,16787238,16787238,1678151471188,true
7125988,0.2057000,2566,16787239,16787244,1678151485643,false
7125989,0.2058000,8484,16787245,16787249,1678151489193,false
7125990,0.2059000,5785,16787250,16787257,1678151489231,false
7125991,0.2060000,393,16787258,16787262,1678151490105,false
7125992,0.2059000,5562,16787263,16787264,1678151490105,true
7125993,0.2060000,830,16787265,16787267,1678151522681,false
7125994,0.2060000,698,16787268,16787268,1678151523678,false
7125995,0.2060000,1465,16787269,16787269,1678151531933,false
7125996,0.2061000,3524,16787270,16787276,1678151532356,false
7125997,0.2062000,6058,16787277,16787287,1678151532812,false
7125998,0.2063000,6326,16787288,16787296,1678151533073,false
7125999,0.2064000,6532,16787297,16787308,1678151533073,false
7126000,0.2064000,1072,16787309,16787310,1678151533122,true
7126001,0.2064000,270,16787311,16787311,1678151540516,false
7126002,0.2064000,4225,16787312,16787316,1678151541393,false
7126003,0.2064000,142,16787317,16787317,1678151541530,true
7126004,0.2064000,260,16787318,16787318,1678151542945,true
7126005,0.2064000,15490,16787319,16787327,1678151545155,true
7126006,0.2063000,10411,16787328,16787335,1678151545181,true
7126007,0.2061000,8243,16787336,16787345,1678151556181,true
7126008,0.2060000,15697,16787346,16787358,1678151556185,true
7126009,0.2060000,60,16787359,16787359,1678151569325,true
7126010,0.2060000,235,16787360,16787360,1678151576244,true
7126011,0.2061000,10827,16787361,16787373,1678151579278,false
7126012,0.2062000,6381,16787374,16787378,1678151579392,false
7126013,0.2062000,6310,16787379,16787381,1678151579508,false
7126014,0.2062000,6138,16787382,16787385,1678151585510,true
7126015,0.2061000,1349,16787386,16787388,1678151585814,true
7126016,0.2061000,5666,16787389,16787397,1678151591391,false
7126017,0.2062000,78,16787398,16787398,1678151593158,false
7126018,0.2062000,48,16787399,16787399,1678151595093,false
7126019,0.2062000,10466,16787400,16787403,1678151595754,false
7126020,0.2063000,5958,16787404,16787410,1678151597373,false
7126021,0.2064000,2859,16787411,16787413,1678151601648,false
7126022,0.2065000,2000,16787414,16787418,1678151603016,false
7126023,0.2065000,1145,16787419,16787421,1678151603315,false
7126024,0.2066000,652,16787422,16787426,1678151609412,false
7126025,0.2066000,8820,16787427,16787436,1678151609514,false
7126026,0.2066000,10553,16787437,16787441,1678151610766,true
7126027,0.2065000,269,16787442,16787442,1678151610906,true
7126028,0.2064000,1000,16787443,16787444,1678151613510,false
7126029,0.2065000,3456,16787445,16787448,1678151613591,false
7126030,0.2066000,1855,16787449,16787450,1678151613591,false
7126031,0.2065000,2618,16787451,16787453,1678151613684,true
7126032,0.2065000,1781,16787454,16787454,1678151613722,false
7126033,0.2065000,9327,16787455,16787460,1678151614600,false
7126034,0.2066000,10673,16787461,16787465,1678151614600,false
7126035,0.2066000,573,16787466,16787466,1678151615836,false
7126036,0.2065000,500,16787467,16787467,1678151617372,true
7126037,0.2065000,15907,16787468,16787473,1678151618330,false
7126038,0.2066000,3759,16787474,16787476,1678151622081,false
7126039,0.2066000,436,16787477,16787478,1678151626095,false
7126040,0.2066000,4719,16787479,16787483,1678151630315,false
7126041,0.2067000,862,16787484,16787487,1678151630368,false
7126042,0.2067000,807,16787488,16787489,1678151642925,true
7126043,0.2067000,1265,16787490,16787492,1678151644069,true
7126044,0.2068000,327,16787493,16787493,1678151656739,false
7126045,0.2068000,1934,16787494,16787497,1678151657737,false
7126046,0.2068000,433,16787498,16787498,1678151660087,false
7126047,0.2068000,246,16787499,16787499,1678151664968,false
7126048,0.2068000,28277,16787500,16787535,1678151670601,false
7126049,0.2069000,1964,16787536,16787544,1678151676592,false
7126050,0.2069000,15170,16787545,16787550,1678151681236,false
7126051,0.2068000,709,16787551,16787552,1678151682440,true
7126052,0.2069000,3852,16787553,16787555,1678151684586,false
7126053,0.2069000,723,16787556,16787556,1678151687678,false
7126054,0.2069000,8617,16787557,16787560,1678151692153,false
7126055,0.2070000,16474,16787561,16787571,1678151692155,false
7126056,0.2070000,51,16787572,16787572,1678151693076,true
7126057,0.2071000,3926,16787573,16787579,1678151695117,false
7126058,0.2072000,1193,16787580,16787583,1678151695506,false
7126059,0.2072000,7815,16787584,16787589,1678151696074,true
7126060,0.2073000,10064,16787590,16787596,1678151697024,false
7126061,0.2073000,211,16787597,16787597,1678151698165,true
7126062,0.2073000,1418,16787598,16787600,1678151698465,true
7126063,0.2073000,2189,16787601,16787601,1678151698630,true
7126064,0.2073000,19557,16787602,16787610,1678151699505,true
7126065,0.2074000,49,16787611,16787612,1678151699755,false
7126066,0.2073000,3420,16787613,16787614,1678151703037,true
7126067,0.2074000,664,16787615,16787618,1678151703114,false
7126068,0.2073000,11429,16787619,16787625,1678151703474,true
7126069,0.2072000,1447,16787626,16787628,1678151704537,false
7126070,0.2071000,5226,16787629,16787632,1678151704560,true
7126071,0.2071000,1308,16787633,16787634,1678151704754,true
7126072,0.2071000,6809,16787635,16787638,1678151705101,true
7126073,0.2072000,1145,16787639,16787640,1678151705308,false
7126074,0.2071000,1875,16787641,16787642,1678151708396,true
7126075,0.2070000,331,16787643,16787643,1678151708396,true
7126076,0.2070000,5593,16787644,16787652,1678151708533,true
7126077,0.2070000,1389,16787653,16787653,1678151708972,false
7126078,0.2069000,334,16787654,16787654,1678151711656,false
7126079,0.2070000,1192,16787655,16787656,1678151711656,false
7126080,0.2069000,2282,16787657,16787658,1678151716477,true
7126081,0.2069000,16181,16787659,16787669,1678151718194,false
7126082,0.2070000,48,16787670,16787670,1678151721177,false
7126083,0.2069000,64,16787671,16787671,1678151726815,true
7126084,0.2069000,7420,16787672,16787677,1678151727172,true
7126085,0.2068000,2742,16787678,16787683,1678151727251,true
7126086,0.2067000,1097,16787684,16787684,1678151727304,true
7126087,0.2067000,1683,16787685,16787687,1678151735685,true
7126088,0.2066000,4000,16787688,16787691,1678151735811,true
7126089,0.2065000,252,16787692,16787692,1678151736110,true
7126090,0.2066000,11561,16787693,16787703,1678151738661,false
7126091,0.2067000,275,16787704,16787704,1678151743000,false
7126092,0.2068000,882,16787705,16787705,1678151743000,false
7126093,0.2067000,3852,16787706,16787708,1678151749548,true
7126094,0.2067000,5090,16787709,16787712,1678151760779,true
7126095,0.2066000,1951,16787713,16787715,1678151760865,true
7126096,0.2065000,999,16787716,16787718,1678151764429,true
7126097,0.2065000,1855,16787719,16787720,1678151768599,false
7126098,0.2066000,2982,16787721,16787724,1678151768599,false
7126099,0.2065000,4837,16787725,16787727,1678151775725,true
7126100,0.2065000,4797,16787728,16787730,1678151778300,true
7126101,0.2064000,109,16787731,16787732,1678151783967,true
7126102,0.2064000,2455,16787733,16787738,1678151785629,true
7126103,0.2064000,177,16787739,16787739,1678151790067,false
7126104,0.2064000,323,16787740,16787740,1678151791281,false
7126105,0.2064000,5749,16787741,16787746,1678151794295,true
7126106,0.2064000,1134,16787747,16787748,1678151797002,false
7126107,0.2064000,645,16787749,16787749,1678151797220,false
7126108,0.2064000,4849,16787750,16787754,1678151803464,true
7126109,0.2065000,4544,16787755,16787758,1678151806002,false
7126110,0.2066000,4591,16787759,16787763,1678151806003,false
7126111,0.2067000,4176,16787764,16787766,1678151821814,false
7126112,0.2068000,10935,16787767,16787774,1678151821814,false
7126113,0.2069000,955,16787775,16787776,1678151821815,false
7126114,0.2069000,4549,16787777,16787783,1678151833312,false
7126115,0.2070000,1536,16787784,16787786,1678151833602,false
7126116,0.2071000,249,16787787,16787787,1678151836014,false
7126117,0.2071000,3030,16787788,16787791,1678151836153,false
7126118,0.2071000,11794,16787792,16787798,1678151837134,true
7126119,0.2071000,889,16787799,16787799,1678151837906,false
7126120,0.2070000,500,16787800,16787800,1678151838864,true
7126121,0.2070000,14110,16787801,16787811,1678151839847,false
7126122,0.2071000,4221,16787812,16787817,1678151839954,false
7126123,0.2072000,3583,16787818,16787821,1678151840289,false
7126124,0.2072000,2469,16787822,16787825,1678151840850,true
7126125,0.2072000,6128,16787826,16787830,1678151840955,false
7126126,0.2072000,3319,16787831,16787833,1678151845359,true
7126127,0.2072000,3631,16787834,16787836,1678151846908,false
7126128,0.2072000,2491,16787837,16787841,1678151855832,true
7126129,0.2072000,905,16787842,16787843,1678151856592,false
7126130,0.2072000,4148,16787844,16787847,1678151858997,true
7126131,0.2071000,12948,16787848,16787855,1678151866535,true
7126132,0.2070000,241,16787856,16787856,1678151866565,true
7126133,0.2070000,879,16787857,16787858,1678151866672,true
7126134,0.2070000,1957,16787859,16787860,1678151867475,false
7126135,0.2071000,8293,16787861,16787866,1678151867475,false
7126136,0.2070000,797,16787867,16787867,1678151882065,true
7126137,0.2070000,574,16787868,16787868,1678151882556,true
7126138,0.2070000,347,16787869,16787869,1678151882875,true
7126139,0.2070000,594,16787870,16787871,1678151883146,true
7126140,0.2070000,3508,16787872,16787874,1678151883855,true
7126141,0.2069000,2273,16787875,16787876,1678151886699,false
7126142,0.2070000,18615,16787877,16787884,1678151886699,false
7126143,0.2071000,24247,16787885,16787894,1678151886699,false
7126144,0.2072000,5707,16787895,16787899,1678151886709,false
7126145,0.2071000,58,16787900,16787900,1678151886714,true
7126146,0.2072000,9462,16787901,16787912,1678151886717,false
7126147,0.2072000,8035,16787913,16787918,1678151895502,true
7126148,0.2072000,193,16787919,16787919,1678151901858,true
7126149,0.2073000,4849,16787920,16787927,1678151903587,false
7126150,0.2074000,12894,16787928,16787940,1678151906160,false
7126151,0.2075000,9950,16787941,16787958,1678151913846,false
7126152,0.2076000,519,16787959,16787961,1678151913951,false
7126153,0.2077000,2036,16787962,16787970,1678151914190,false
7126154,0.2078000,7588,16787971,16787977,1678151915078,false
7126155,0.2079000,2734,16787978,16787981,1678151915365,false
7126156,0.2079000,4171,16787982,16787984,1678151916088,false
7126157,0.2080000,1928,16787985,16787991,1678151916088,false
7126158,0.2078000,3947,16787992,16787995,1678151916088,true
7126159,0.2079000,1315,16787996,16787998,1678151916096,true
7126160,0.2079000,443,16787999,16787999,1678151916193,false
7126161,0.2079000,145,16788000,16788001,1678151918081,false
7126162,0.2079000,96,16788002,16788003,1678151918763,false
7126163,0.2079000,2815,16788004,16788007,1678151918774,true
7126164,0.2079000,1587,16788008,16788009,1678151924339,false
7126165,0.2079000,96,16788010,16788010,1678151925191,true
7126166,0.2080000,2134,16788011,16788014,1678151930623,false
7126167,0.2081000,420,16788015,16788016,1678151932863,false
7126168,0.2080000,1443,16788017,16788019,1678151935035,true
7126169,0.2080000,18252,16788020,16788030,1678151935274,true
7126170,0.2079000,1538,16788031,16788034,1678151935333,true
7126171,0.2079000,4425,16788035,16788038,1678151935445,false
7126172,0.2080000,5498,16788039,16788043,1678151935501,false
7126173,0.2080000,1702,16788044,16788046,1678151938425,true
7126174,0.2080000,913,16788047,16788047,1678151939064,false
7126175,0.2079000,4930,16788048,16788050,1678151939064,true
7126176,0.2079000,1479,16788051,16788051,1678151940875,true
7126177,0.2078000,7983,16788052,16788059,1678151940875,true
7126178,0.2077000,6031,16788060,16788067,1678151940878,true
7126179,0.2076000,2377,16788068,16788068,1678151940879,true
7126180,0.2077000,241,16788069,16788069,1678151940899,true
7126181,0.2077000,1262,16788070,16788070,1678151942501,true
7126182,0.2077000,1627,16788071,16788071,1678151942764,true
7126183,0.2078000,8369,16788072,16788078,1678151943255,false
7126184,0.2079000,1116,16788079,16788081,1678151943404,false
7126185,0.2080000,5583,16788082,16788087,1678151943455,false
7126186,0.2079000,7110,16788088,16788094,1678151944502,true
7126187,0.2080000,5582,16788095,16788097,1678151959688,false
7126188,0.2081000,9414,16788098,16788107,1678151959705,false
7126189,0.2082000,3666,16788108,16788112,1678151959957,false
7126190,0.2082000,96,16788113,16788113,1678151961682,true
7126191,0.2082000,38,16788114,16788114,1678151963398,true
7126192,0.2083000,70,16788115,16788116,1678151963940,false
7126193,0.2083000,48,16788117,16788117,1678151966530,false
7126194,0.2083000,68,16788118,16788118,1678151974071,false
7126195,0.2083000,2285,16788119,16788126,1678151980493,false
7126196,0.2084000,2699,16788127,16788133,1678151980509,false
7126197,0.2085000,3899,16788134,16788140,1678151980544,false
7126198,0.2086000,3768,16788141,16788152,1678151980546,false
7126199,0.2087000,6571,16788153,16788163,1678151982021,false
7126200,0.2088000,3717,16788164,16788170,1678151982021,false
7126201,0.2089000,7033,16788171,16788177,1678151982022,false
7126202,0.2090000,12935,16788178,16788190,1678151982023,false
7126203,0.2091000,2237,16788191,16788191,1678151982039,false
7126204,0.2092000,4201,16788192,16788197,1678151982039,false
7126205,0.2093000,224,16788198,16788200,1678151982051,false
7126206,0.2092000,558,16788201,16788203,1678151982066,true
7126207,0.2093000,411,16788204,16788205,1678151982068,false
7126208,0.2092000,5605,16788206,16788210,1678151982069,true
7126209,0.2091000,2259,16788211,16788213,1678151982078,true
7126210,0.2090000,500,16788214,16788214,1678151982119,true
7126211,0.2090000,1000,16788215,16788216,1678151982143,false
7126212,0.2089000,96,16788217,16788218,1678151982154,true
7126213,0.2090000,71,16788219,16788219,1678151982731,false
7126214,0.2090000,225,16788220,16788220,1678151983131,false
7126215,0.2089000,18719,16788221,16788230,1678151983230,true
7126216,0.2088000,4721,16788231,16788235,1678151983247,true
7126217,0.2087000,567,16788236,16788237,1678151983263,true
7126218,0.2087000,1971,16788238,16788241,1678151983355,false
7126219,0.2088000,68,16788242,16788242,1678151984193,false
7126220,0.2088000,75,16788243,16788243,1678151985092,false
7126221,0.2088000,196,16788244,16788244,1678151991480,false
7126222,0.2088000,7931,16788245,16788252,1678151992076,false
7126223,0.2089000,1151,16788253,16788253,1678151992076,false
7126224,0.2089000,12961,16788254,16788261,1678151992202,false
7126225,0.2089000,2941,16788262,16788263,1678151992234,true
7126226,0.2088000,1350,16788264,16788266,1678151993678,true
7126227,0.2089000,68,16788267,16788267,1678151994369,false
7126228,0.2089000,100,16788268,16788268,1678151994784,false
7126229,0.2089000,29,16788269,16788269,1678151995781,false
7126230,0.2088000,1825,16788270,16788271,1678151997378,true
7126231,0.2088000,1868,16788272,16788272,1678151997481,true
7126232,0.2087000,5165,16788273,16788275,1678151997519,true
7126233,0.2086000,777,16788276,16788278,1678151997560,true
7126234,0.2085000,240,16788279,16788280,1678151997582,true
7126235,0.2085000,3321,16788281,16788283,1678151999093,true
7126236,0.2085000,539,16788284,16788284,1678151999667,true
7126237,0.2086000,1163,16788285,16788286,1678152000716,false
7126238,0.2087000,68,16788287,16788287,1678152002602,false
7126239,0.2086000,1776,16788288,16788291,1678152002729,true
7126240,0.2085000,1466,16788292,16788294,1678152002790,true
7126241,0.2085000,1817,16788295,16788295,1678152002984,true
7126242,0.2084000,9309,16788296,16788300,1678152003028,true
7126243,0.2083000,7153,16788301,16788310,1678152003028,true
7126244,0.2082000,843,16788311,16788312,1678152003651,true
7126245,0.2082000,720,16788313,16788313,1678152003887,true
7126246,0.2081000,2636,16788314,16788319,1678152003887,true
7126247,0.2082000,28,16788320,16788320,1678152004060,false
7126248,0.2081000,647,16788321,16788323,1678152004593,true
7126249,0.2080000,8727,16788324,16788331,1678152004635,true
7126250,0.2080000,2682,16788332,16788333,1678152004835,false
7126251,0.2081000,8156,16788334,16788344,1678152004846,false
7126252,0.2082000,3746,16788345,16788348,1678152005748,false
7126253,0.2083000,4193,16788349,16788354,1678152005751,false
7126254,0.2084000,369,16788355,16788355,1678152005751,false
7126255,0.2083000,1988,16788356,16788356,1678152005755,false
7126256,0.2084000,1568,16788357,16788358,1678152005755,false
7126257,0.2084000,1443,16788359,16788364,1678152007506,true
7126258,0.2084000,1150,16788365,16788365,1678152010500,false
7126259,0.2085000,47,16788366,16788366,1678152010678,false
7126260,0.2084000,1687,16788367,16788367,1678152011456,true
7126261,0.2084000,500,16788368,16788368,1678152012135,true
7126262,0.2084000,4379,16788369,16788371,1678152013955,true
7126263,0.2083000,4093,16788372,16788377,1678152013995,true
7126264,0.2082000,240,16788378,16788378,1678152014041,true
7126265,0.2083000,68,16788379,16788380,1678152014709,false
7126266,0.2082000,6274,16788381,16788385,1678152021606,false
7126267,0.2082000,11431,16788386,16788393,1678152021709,true
7126268,0.2081000,3261,16788394,16788397,1678152021750,true
7126269,0.2081000,1881,16788398,16788399,1678152023300,true
7126270,0.2080000,1987,16788400,16788403,1678152023377,true
7126271,0.2080000,30,16788404,16788404,1678152023424,false
7126272,0.2080000,5038,16788405,16788408,1678152023967,false
7126273,0.2081000,15370,16788409,16788418,1678152023987,false
7126274,0.2082000,326,16788419,16788419,1678152024038,false
7126275,0.2081000,6510,16788420,16788423,1678152025895,true
7126276,0.2082000,68,16788424,16788424,1678152026912,false
7126277,0.2082000,734,16788425,16788426,1678152029228,false
7126278,0.2083000,321,16788427,16788428,1678152029643,false
7126279,0.2083000,4956,16788429,16788435,1678152029812,true
7126280,0.2084000,512,16788436,16788436,1678152030154,false
7126281,0.2084000,5251,16788437,16788441,1678152031636,false
7126282,0.2085000,5350,16788442,16788446,1678152031636,false
7126283,0.2084000,5333,16788447,16788451,1678152031675,true
7126284,0.2083000,87,16788452,16788452,1678152031752,true
7126285,0.2083000,1803,16788453,16788457,1678152031985,true
7126286,0.2083000,2376,16788458,16788459,1678152035277,true
7126287,0.2082000,711,16788460,16788461,1678152035277,true
7126288,0.2083000,1542,16788462,16788464,1678152041422,false
7126289,0.2084000,1040,16788465,16788466,1678152041436,false
7126290,0.2084000,114,16788467,16788467,1678152042323,false
7126291,0.2083000,5518,16788468,16788471,1678152045490,true
7126292,0.2082000,53,16788472,16788472,1678152050096,true
7126293,0.2082000,78,16788473,16788473,1678152050716,true
7126294,0.2082000,59756,16788474,16788494,1678152056796,true
7126295,0.2081000,891,16788495,16788496,1678152056841,true
7126296,0.2080000,58,16788497,16788497,1678152056982,true
7126297,0.2080000,1874,16788498,16788504,1678152059068,true
7126298,0.2079000,4545,16788505,16788508,1678152059069,true
7126299,0.2080000,2429,16788509,16788511,1678152059145,false
7126300,0.2081000,8009,16788512,16788520,1678152059156,false
7126301,0.2082000,154,16788521,16788521,1678152060079,false
7126302,0.2082000,887,16788522,16788523,1678152060447,false
7126303,0.2082000,3788,16788524,16788527,1678152060562,true
7126304,0.2081000,697,16788528,16788528,1678152062678,true
7126305,0.2081000,1756,16788529,16788530,1678152063529,true
7126306,0.2082000,7144,16788531,16788541,1678152065513,false
7126307,0.2083000,2902,16788542,16788548,1678152065676,false
7126308,0.2083000,96,16788549,16788549,1678152066050,true
7126309,0.2084000,1621,16788550,16788552,1678152070835,false
7126310,0.2084000,105,16788553,16788553,1678152075249,true
7126311,0.2085000,6432,16788554,16788555,1678152078069,false
7126312,0.2086000,737,16788556,16788557,1678152090148,false
7126313,0.2086000,737,16788558,16788559,1678152090348,false
7126314,0.2085000,6152,16788560,16788563,1678152096915,true
7126315,0.2085000,889,16788564,16788565,1678152100968,true
7126316,0.2084000,1111,16788566,16788566,1678152100968,true
7126317,0.2084000,11674,16788567,16788575,1678152101807,true
7126318,0.2083000,22618,16788576,16788587,1678152101807,true
7126319,0.2082000,9192,16788588,16788595,1678152101811,true
7126320,0.2083000,1189,16788596,16788596,1678152101814,true
7126321,0.2082000,2523,16788597,16788599,1678152101816,true
7126322,0.2082000,3493,16788600,16788602,1678152101834,false
7126323,0.2081000,63,16788603,16788603,1678152102332,true
7126324,0.2081000,1954,16788604,16788607,1678152105089,true
7126325,0.2080000,2000,16788608,16788609,1678152108905,true
7126326,0.2080000,14101,16788610,16788618,1678152109495,true
7126327,0.2079000,14517,16788619,16788627,1678152109593,true
7126328,0.2078000,9859,16788628,16788634,1678152109593,true
7126329,0.2079000,1142,16788635,16788638,1678152109626,false
7126330,0.2080000,20982,16788639,16788653,1678152110059,false
7126331,0.2081000,10986,16788654,16788660,1678152110059,false
7126332,0.2082000,9097,16788661,16788666,1678152110059,false
7126333,0.2083000,8094,16788667,16788677,1678152110060,false
7126334,0.2084000,7753,16788678,16788684,1678152110072,false
7126335,0.2085000,2231,16788685,16788688,1678152110074,false
7126336,0.2086000,5559,16788689,16788698,1678152110143,false
7126337,0.2086000,312,16788699,16788699,1678152110487,true
7126338,0.2085000,957,16788700,16788701,1678152110698,true
7126339,0.2085000,2860,16788702,16788703,1678152110763,false
7126340,0.2085000,6214,16788704,16788713,1678152110777,true
7126341,0.2085000,3728,16788714,16788716,1678152112106,false
7126342,0.2086000,61,16788717,16788717,1678152117626,true
7126343,0.2086000,532,16788718,16788719,1678152122589,true
7126344,0.2086000,5109,16788720,16788723,1678152122969,true
7126345,0.2085000,9643,16788724,16788732,1678152122992,true
7126346,0.2084000,1974,16788733,16788735,1678152123579,true
7126347,0.2084000,2555,16788736,16788737,1678152127119,true
7126348,0.2083000,1111,16788738,16788741,1678152129108,true
7126349,0.2083000,10000,16788742,16788747,1678152130433,false
7126350,0.2083000,369,16788748,16788749,1678152130700,false
7126351,0.2083000,61,16788750,16788750,1678152130880,true
7126352,0.2083000,1434,16788751,16788752,1678152131052,true
7126353,0.2084000,2658,16788753,16788755,1678152131720,false
7126354,0.2085000,3925,16788756,16788759,1678152131720,false
7126355,0.2084000,1982,16788760,16788762,1678152131969,true
7126356,0.2084000,5982,16788763,16788767,1678152132386,true
7126357,0.2085000,3155,16788768,16788770,1678152134130,false
7126358,0.2086000,1857,16788771,16788772,1678152135406,false
7126359,0.2087000,1514,16788773,16788774,1678152136955,false
7126360,0.2086000,61,16788775,16788775,1678152138623,true
7126361,0.2087000,13641,16788776,16788779,1678152144782,false
7126362,0.2087000,19492,16788780,16788797,1678152144907,false
7126363,0.2088000,1333,16788798,16788802,1678152145265,false
7126364,0.2088000,1580,16788803,16788804,1678152146883,false
7126365,0.2088000,10272,16788805,16788809,1678152147060,true
7126366,0.2088000,649,16788810,16788810,1678152147227,true
7126367,0.2088000,28,16788811,16788811,1678152147565,false
7126368,0.2088000,28,16788812,16788812,1678152148251,false
7126369,0.2088000,164,16788813,16788814,1678152148374,false
7126370,0.2088000,61,16788815,16788816,1678152148458,true
7126371,0.2088000,5747,16788817,16788821,1678152149398,true
7126372,0.2089000,964,16788822,16788824,1678152152231,false
7126373,0.2090000,133,16788825,16788826,1678152152231,false
7126374,0.2090000,6510,16788827,16788832,1678152153081,false
7126375,0.2090000,1021,16788833,16788834,1678152153140,true
7126376,0.2090000,1069,16788835,16788835,1678152154577,false
7126377,0.2089000,500,16788836,16788836,1678152155441,true
7126378,0.2088000,2641,16788837,16788841,1678152155842,true
7126379,0.2088000,1025,16788842,16788844,1678152157055,false
7126380,0.2088000,1636,16788845,16788845,1678152159432,false
7126381,0.2087000,61,16788846,16788846,1678152162282,true
7126382,0.2087000,1988,16788847,16788849,1678152163149,true
7126383,0.2086000,4040,16788850,16788853,1678152166964,true
7126384,0.2086000,74,16788854,16788854,1678152169062,true
7126385,0.2087000,2308,16788855,16788857,1678152169912,false
7126386,0.2088000,1732,16788858,16788861,1678152169912,false
7126387,0.2087000,2907,16788862,16788864,1678152170082,true
7126388,0.2086000,1256,16788865,16788865,1678152170778,true
7126389,0.2086000,10839,16788866,16788871,1678152173013,false
7126390,0.2086000,4448,16788872,16788875,1678152173135,false
7126391,0.2087000,1250,16788876,16788877,1678152173231,false
7126392,0.2086000,17672,16788878,16788888,1678152176718,true
7126393,0.2086000,3902,16788889,16788891,1678152177147,false
7126394,0.2085000,3751,16788892,16788894,1678152177156,true
7126395,0.2086000,2033,16788895,16788895,1678152181408,false
7126396,0.2087000,3956,16788896,16788899,1678152181408,false
7126397,0.2086000,3902,16788900,16788902,1678152182181,true
7126398,0.2086000,938,16788903,16788905,1678152183140,true
7126399,0.2087000,3034,16788906,16788910,1678152190342,true
7126400,0.2087000,3824,16788911,16788913,1678152190370,false
7126401,0.2087000,6414,16788914,16788919,1678152199220,false
7126402,0.2088000,12022,16788920,16788927,1678152199220,false
7126403,0.2088000,3357,16788928,16788930,1678152199654,false
7126404,0.2089000,3500,16788931,16788934,1678152222660,false
7126405,0.2089000,9575,16788935,16788937,1678152226091,false
7126406,0.2090000,2386,16788938,16788939,1678152226091,false
7126407,0.2090000,2774,16788940,16788943,1678152226629,false
7126408,0.2091000,84,16788944,16788944,1678152226629,false
7126409,0.2090000,525,16788945,16788946,1678152226639,true
7126410,0.2090000,6028,16788947,16788949,1678152227884,true
7126411,0.2089000,909,16788950,16788951,1678152228767,true
7126412,0.2088000,1468,16788952,16788953,1678152229085,true
7126413,0.2088000,268,16788954,16788955,1678152232939,true
7126414,0.2088000,1710,16788956,16788960,1678152233161,true
7126415,0.2088000,483,16788961,16788961,1678152235264,false
7126416,0.2087000,2749,16788962,16788965,1678152235679,true
7126417,0.2086000,1309,16788966,16788967,1678152235679,true
7126418,0.2087000,43,16788968,16788968,1678152240079,false
7126419,0.2086000,1563,16788969,16788972,1678152242375,true
7126420,0.2085000,2942,16788973,16788975,1678152247416,true
7126421,0.2084000,5429,16788976,16788981,1678152247416,true
7126422,0.2083000,17182,16788982,16788992,1678152247416,true
7126423,0.2082000,17895,16788993,16789002,1678152247416,true
7126424,0.2081000,1745,16789003,16789007,1678152247417,true
7126425,0.2082000,2190,16789008,16789010,1678152247461,true
7126426,0.2081000,770,16789011,16789011,1678152247465,true
7126427,0.2081000,3057,16789012,16789017,1678152256667,true
7126428,0.2081000,660,16789018,16789019,1678152264017,false
7126429,0.2081000,556,16789020,16789020,1678152268065,false
7126430,0.2081000,618,16789021,16789021,1678152270033,false
7126431,0.2080000,9412,16789022,16789027,1678152275345,true
7126432,0.2080000,3824,16789028,16789028,1678152277903,true
7126433,0.2081000,202,16789029,16789030,1678152278014,false
7126434,0.2080000,2840,16789031,16789033,1678152299511,true
7126435,0.2080000,18040,16789034,16789042,1678152302914,true
7126436,0.2079000,860,16789043,16789043,1678152302969,true
7126437,0.2080000,1062,16789044,16789044,1678152303328,false
7126438,0.2079000,1262,16789045,16789045,1678152303947,true
7126439,0.2078000,9883,16789046,16789052,1678152303947,true
7126440,0.2077000,6702,16789053,16789062,1678152303947,true
7126441,0.2078000,1063,16789063,16789064,1678152304350,false
7126442,0.2078000,2772,16789065,16789068,1678152304607,false
7126443,0.2079000,3044,16789069,16789072,1678152305590,false
7126444,0.2079000,1612,16789073,16789075,1678152305778,true
7126445,0.2079000,154,16789076,16789076,1678152308067,false
7126446,0.2078000,1705,16789077,16789081,1678152310247,true
7126447,0.2079000,3491,16789082,16789085,1678152313463,false
7126448,0.2080000,54,16789086,16789086,1678152320045,false
7126449,0.2079000,3601,16789087,16789090,1678152321143,true
7126450,0.2079000,1781,16789091,16789092,1678152322159,true
7126451,0.2078000,4790,16789093,16789100,1678152323763,true
7126452,0.2078000,169,16789101,16789101,1678152324111,true
7126453,0.2078000,999,16789102,16789103,1678152328122,true
7126454,0.2078000,1482,16789104,16789105,1678152328512,true
7126455,0.2077000,5899,16789106,16789109,1678152328512,true
7126456,0.2078000,4849,16789110,16789112,1678152328560,false
7126457,0.2077000,407,16789113,16789114,1678152330129,true
7126458,0.2078000,133,16789115,16789115,1678152333919,false
7126459,0.2079000,2660,16789116,16789118,1678152333919,false
7126460,0.2080000,1753,16789119,16789121,1678152354831,false
7126461,0.2081000,546,16789122,16789122,1678152363061,false
7126462,0.2081000,177,16789123,16789123,1678152368380,false
7126463,0.2081000,6034,16789124,16789128,1678152370636,false
7126464,0.2081000,6044,16789129,16789133,1678152377972,false
7126465,0.2082000,6122,16789134,16789136,1678152385061,false
7126466,0.2083000,17658,16789137,16789149,1678152385090,false
7126467,0.2084000,9321,16789150,16789152,1678152385343,false
7126468,0.2085000,1128,16789153,16789155,1678152385592,false
7126469,0.2086000,289,16789156,16789156,1678152392892,false
7126470,0.2086000,58,16789157,16789157,1678152394086,true
7126471,0.2087000,1594,16789158,16789162,1678152395931,false
7126472,0.2088000,2047,16789163,16789167,1678152399944,false
7126473,0.2088000,3872,16789168,16789170,1678152403458,true
7126474,0.2088000,17006,16789171,16789174,1678152403595,true
7126475,0.2087000,5418,16789175,16789178,1678152403731,true
7126476,0.2087000,1226,16789179,16789180,1678152403857,true
7126477,0.2087000,1692,16789181,16789184,1678152403953,false
7126478,0.2087000,7819,16789185,16789190,1678152404683,false
7126479,0.2088000,16174,16789191,16789200,1678152404683,false
7126480,0.2088000,190,16789201,16789201,1678152406072,true
7126481,0.2089000,8147,16789202,16789209,1678152414830,false
7126482,0.2090000,6045,16789210,16789216,1678152415338,false
7126483,0.2091000,2529,16789217,16789219,1678152416621,false
7126484,0.2091000,10601,16789220,16789226,1678152418925,true
7126485,0.2091000,324,16789227,16789227,1678152421133,true
7126486,0.2092000,54,16789228,16789228,1678152421302,false
7126487,0.2091000,99,16789229,16789229,1678152421646,true
7126488,0.2091000,1195,16789230,16789230,1678152422668,true
7126489,0.2091000,65,16789231,16789231,1678152424062,true
7126490,0.2092000,3601,16789232,16789237,1678152425664,false
7126491,0.2092000,3671,16789238,16789239,1678152427548,false
7126492,0.2093000,13704,16789240,16789252,1678152427548,false
7126493,0.2094000,2669,16789253,16789257,1678152427548,false
7126494,0.2093000,6199,16789258,16789262,1678152428372,true
7126495,0.2093000,1979,16789263,16789265,1678152429073,false
7126496,0.2092000,1316,16789266,16789268,1678152429073,true
7126497,0.2092000,341,16789269,16789269,1678152429709,true
7126498,0.2091000,2140,16789270,16789273,1678152432064,true
7126499,0.2090000,1038,16789274,16789277,1678152433366,true
7126500,0.2089000,1116,16789278,16789280,1678152434140,true
7126501,0.2089000,2965,16789281,16789284,1678152434563,false
7126502,0.2090000,5077,16789285,16789288,1678152434614,false
7126503,0.2090000,453,16789289,16789289,1678152434747,true
7126504,0.2089000,77,16789290,16789290,1678152436108,true
7126505,0.2090000,115,16789291,16789291,1678152436213,false
7126506,0.2089000,655,16789292,16789292,1678152438091,true
7126507,0.2089000,3077,16789293,16789296,1678152438343,false
7126508,0.2088000,796,16789297,16789300,1678152438343,true
7126509,0.2088000,4363,16789301,16789303,1678152438937,false
7126510,0.2089000,5180,16789304,16789308,1678152438937,false
7126511,0.2089000,500,16789309,16789310,1678152439075,true
7126512,0.2089000,457,16789311,16789311,1678152439277,true
7126513,0.2089000,12529,16789312,16789319,1678152449329,false
7126514,0.2090000,16268,16789320,16789333,1678152463301,false
7126515,0.2090000,172,16789334,16789334,1678152471526,true
7126516,0.2091000,1434,16789335,16789336,1678152471655,false
7126517,0.2092000,3886,16789337,16789340,1678152471864,false
7126518,0.2092000,192,16789341,16789342,1678152473004,true
7126519,0.2092000,64,16789343,16789343,1678152478318,true
7126520,0.2092000,100,16789344,16789344,1678152480246,true
7126521,0.2092000,6735,16789345,16789350,1678152481455,true
7126522,0.2092000,500,16789351,16789351,1678152483809,false
7126523,0.2092000,7669,16789352,16789357,1678152483999,false
7126524,0.2093000,3450,16789358,16789359,1678152483999,false
7126525,0.2092000,7741,16789360,16789366,1678152484395,true
7126526,0.2091000,1211,16789367,16789368,1678152484395,true
7126527,0.2092000,1855,16789369,16789370,1678152485308,true
7126528,0.2091000,8365,16789371,16789374,1678152485308,true
7126529,0.2090000,2596,16789375,16789378,1678152488520,true
7126530,0.2091000,47,16789379,16789379,1678152489631,false
7126531,0.2090000,756,16789380,16789382,1678152489763,true
7126532,0.2089000,7859,16789383,16789391,1678152489770,true
7126533,0.2088000,1632,16789392,16789394,1678152492842,true
7126534,0.2088000,3726,16789395,16789401,1678152497132,false
7126535,0.2089000,2301,16789402,16789403,1678152502256,false
7126536,0.2088000,5470,16789404,16789410,1678152504776,true
7126537,0.2087000,6670,16789411,16789418,1678152504776,true
7126538,0.2087000,1158,16789419,16789420,1678152504810,false
7126539,0.2088000,298,16789421,16789421,1678152511206,false
7126540,0.2088000,2455,16789422,16789425,1678152512639,true
7126541,0.2088000,785,16789426,16789426,1678152512781,true
7126542,0.2088000,2692,16789427,16789429,1678152516574,false
7126543,0.2089000,823,16789430,16789430,1678152516574,false
7126544,0.2089000,658,16789431,16789432,1678152523322,false
7126545,0.2089000,2793,16789433,16789435,1678152532024,true
7126546,0.2089000,9314,16789436,16789442,1678152532572,false
7126547,0.2090000,22348,16789443,16789454,1678152532572,false
7126548,0.2091000,4204,16789455,16789458,1678152532578,false
7126549,0.2092000,6794,16789459,16789469,1678152532578,false
7126550,0.2093000,8252,16789470,16789481,1678152532665,false
7126551,0.2092000,4096,16789482,16789488,1678152533016,true
7126552,0.2091000,2185,16789489,16789489,1678152533541,false
7126553,0.2091000,123,16789490,16789490,1678152533647,true
7126554,0.2092000,2063,16789491,16789494,1678152535593,false
7126555,0.2093000,3672,16789495,16789500,1678152535655,false
7126556,0.2094000,7792,16789501,16789507,1678152535781,false
7126557,0.2095000,3713,16789508,16789514,1678152535808,false
7126558,0.2095000,8818,16789515,16789521,1678152538086,false
7126559,0.2096000,8414,16789522,16789531,1678152538086,false
7126560,0.2096000,101,16789532,16789532,1678152540193,true
7126561,0.2096000,77,16789533,16789533,1678152541047,true
7126562,0.2097000,2789,16789534,16789538,1678152542089,false
7126563,0.2098000,7787,16789539,16789549,1678152542175,false
7126564,0.2098000,5070,16789550,16789556,1678152542847,true
7126565,0.2097000,4775,16789557,16789562,1678152542866,true
7126566,0.2096000,157,16789563,16789563,1678152545552,true
7126567,0.2096000,47,16789564,16789564,1678152547912,true
7126568,0.2096000,130,16789565,16789565,1678152549810,true
7126569,0.2096000,1468,16789566,16789570,1678152550253,true
7126570,0.2095000,8030,16789571,16789580,1678152550254,true
7126571,0.2095000,1298,16789581,16789582,1678152552197,true
7126572,0.2095000,198,16789583,16789583,1678152553036,true
7126573,0.2094000,208,16789584,16789584,1678152554374,true
7126574,0.2095000,593,16789585,16789585,1678152554928,false
7126575,0.2095000,593,16789586,16789588,1678152555344,false
7126576,0.2094000,72,16789589,16789589,1678152556094,true
7126577,0.2095000,92,16789590,16789590,1678152557893,false
7126578,0.2095000,38,16789591,16789591,1678152558175,false
7126579,0.2095000,507,16789592,16789592,1678152558860,false
7126580,0.2095000,238,16789593,16789593,1678152559093,false
7126581,0.2095000,24,16789594,16789594,1678152559263,false
7126582,0.2096000,483,16789595,16789595,1678152559263,false
7126583,0.2096000,5769,16789596,16789604,1678152562268,false
7126584,0.2097000,2929,16789605,16789609,1678152562270,false
7126585,0.2098000,2817,16789610,16789614,1678152562271,false
7126586,0.2099000,8049,16789615,16789627,1678152562271,false
7126587,0.2100000,9180,16789628,16789644,1678152562275,false
7126588,0.2101000,6113,16789645,16789651,1678152562279,false
7126589,0.2102000,3952,16789652,16789657,1678152562281,false
7126590,0.2101000,1126,16789658,16789659,1678152562305,true
7126591,0.2102000,4590,16789660,16789662,1678152562305,false
7126592,0.2100000,1126,16789663,16789664,1678152562310,true
7126593,0.2101000,2435,16789665,16789666,1678152562314,true
7126594,0.2099000,6415,16789667,16789672,1678152562314,true
7126595,0.2100000,2956,16789673,16789675,1678152562322,true
7126596,0.2098000,613,16789676,16789676,1678152562324,true
7126597,0.2099000,207,16789677,16789677,1678152562331,true
7126598,0.2098000,834,16789678,16789682,1678152562331,true
7126599,0.2098000,627,16789683,16789683,1678152562334,false
7126600,0.2100000,323,16789684,16789684,1678152562334,false
7126601,0.2098000,500,16789685,16789685,1678152562360,false
7126602,0.2099000,1126,16789686,16789687,1678152562360,false
7126603,0.2100000,3441,16789688,16789689,1678152562360,false
7126604,0.2099000,953,16789690,16789690,1678152562942,false
7126605,0.2098000,10823,16789691,16789701,1678152563025,true
7126606,0.2097000,70,16789702,16789702,1678152563108,true
7126607,0.2098000,1730,16789703,16789704,1678152564068,false
7126608,0.2098000,2665,16789705,16789708,1678152565182,false
7126609,0.2099000,2265,16789709,16789710,1678152565182,false
7126610,0.2098000,3153,16789711,16789714,1678152566533,true
7126611,0.2097000,7966,16789715,16789719,1678152566534,true
7126612,0.2098000,2280,16789720,16789721,1678152566904,false
7126613,0.2098000,4568,16789722,16789725,1678152567198,true
7126614,0.2099000,92,16789726,16789726,1678152568025,false
7126615,0.2098000,48,16789727,16789727,1678152568396,true
7126616,0.2099000,47,16789728,16789728,1678152571538,false
7126617,0.2098000,567,16789729,16789730,1678152571665,true
7126618,0.2097000,1734,16789731,16789731,1678152571665,true
7126619,0.2097000,2128,16789732,16789732,1678152575797,true
7126620,0.2096000,12385,16789733,16789740,1678152575832,true
7126621,0.2095000,517,16789741,16789743,1678152579923,true
7126622,0.2094000,6937,16789744,16789749,1678152579923,true
7126623,0.2093000,1410,16789750,16789750,1678152581074,true
7126624,0.2094000,92,16789751,16789751,1678152581123,false
7126625,0.2093000,1146,16789752,16789755,1678152581126,true
7126626,0.2092000,7493,16789756,16789763,1678152581677,true
7126627,0.2091000,3917,16789764,16789768,1678152581697,true
7126628,0.2090000,357,16789769,16789770,1678152584144,true
7126629,0.2091000,92,16789771,16789771,1678152588218,false
7126630,0.2091000,2880,16789772,16789777,1678152592417,false
7126631,0.2090000,118,16789778,16789778,1678152593798,true
7126632,0.2091000,1719,16789779,16789781,1678152594338,false
7126633,0.2091000,9780,16789782,16789785,1678152596723,false
7126634,0.2092000,1936,16789786,16789786,1678152596723,false
7126635,0.2092000,1434,16789787,16789787,1678152596825,false
7126636,0.2092000,102,16789788,16789788,1678152600195,true
7126637,0.2093000,92,16789789,16789789,1678152600322,false
7126638,0.2092000,1432,16789790,16789791,1678152600382,true
7126639,0.2091000,132,16789792,16789793,1678152600382,true
7126640,0.2091000,4733,16789794,16789797,1678152600518,true
7126641,0.2090000,246,16789798,16789800,1678152602898,true
7126642,0.2089000,483,16789801,16789802,1678152602898,true
7126643,0.2089000,595,16789803,16789804,1678152603670,true
7126644,0.2089000,23,16789805,16789805,1678152603866,true
7126645,0.2088000,4830,16789806,16789811,1678152603866,true
7126646,0.2088000,1175,16789812,16789812,1678152604496,true
7126647,0.2087000,1317,16789813,16789815,1678152604496,true
7126648,0.2088000,3005,16789816,16789818,1678152604515,false
7126649,0.2089000,455,16789819,16789819,1678152604596,false
7126650,0.2088000,2995,16789820,16789821,1678152604852,true
7126651,0.2088000,120,16789822,16789822,1678152605714,true
7126652,0.2088000,2438,16789823,16789824,1678152605845,true
7126653,0.2088000,92,16789825,16789825,1678152607419,false
7126654,0.2087000,50,16789826,16789826,1678152610589,true
7126655,0.2088000,1067,16789827,16789829,1678152611511,false
7126656,0.2088000,8398,16789830,16789832,1678152611629,false
7126657,0.2088000,2113,16789833,16789833,1678152611653,true
7126658,0.2087000,5870,16789834,16789839,1678152611654,true
