agg_trade_id,price,quantity,first_trade_id,last_trade_id,transact_time,is_buyer_maker
7155638,0.1900000,51,16863075,16863075,1678233604068,true
7155639,0.1900000,332,16863076,16863076,1678233604191,true
7155640,0.1901000,2399,16863077,16863080,1678233604202,false
7155641,0.1901000,2035,16863081,16863081,1678233604214,true
7155642,0.1902000,4081,16863082,16863089,1678233604217,false
7155643,0.1901000,2423,16863090,16863090,1678233606068,true
7155644,0.1902000,99,16863091,16863091,1678233607417,false
7155645,0.1902000,2204,16863092,16863094,1678233607552,false
7155646,0.1902000,605,16863095,16863095,1678233607651,true
7155647,0.1901000,137,16863096,16863096,1678233607651,true
7155648,0.1903000,2162,16863097,16863098,1678233607856,false
7155649,0.1903000,1763,16863099,16863103,1678233607975,false
7155650,0.1902000,90,16863104,16863104,1678233608300,true
7155651,0.1903000,1692,16863105,16863105,1678233608770,false
7155652,0.1904000,683,16863106,16863107,1678233609011,false
7155653,0.1903000,479,16863108,16863108,1678233609041,true
7155654,0.1904000,1020,16863109,16863109,1678233609745,false
7155655,0.1904000,755,16863110,16863110,1678233612827,false
7155656,0.1904000,39,16863111,16863112,1678233613021,false
7155657,0.1904000,937,16863113,16863116,1678233613696,false
7155658,0.1903000,22829,16863117,16863125,1678233613829,true
7155659,0.1904000,1039,16863126,16863127,1678233613878,false
7155660,0.1905000,696,16863128,16863128,1678233614710,false
7155661,0.1905000,1953,16863129,16863133,1678233614945,false
7155662,0.1906000,1863,16863134,16863134,1678233615814,false
7155663,0.1906000,4075,16863135,16863140,1678233616723,false
7155664,0.1906000,5077,16863141,16863143,1678233618221,false
7155665,0.1907000,1725,16863144,16863147,1678233618622,false
7155666,0.1908000,1028,16863148,16863150,1678233619655,false
7155667,0.1907000,7928,16863151,16863156,1678233620620,true
7155668,0.1907000,1978,16863157,16863158,1678233620750,true
7155669,0.1908000,39,16863159,16863159,1678233621248,false
7155670,0.1908000,732,16863160,16863163,1678233622287,false
7155671,0.1907000,375,16863164,16863164,1678233623452,true
7155672,0.1908000,1768,16863165,16863167,1678233623655,false
7155673,0.1907000,768,16863168,16863168,1678233624464,true
7155674,0.1908000,10618,16863169,16863175,1678233626347,false
7155675,0.1909000,3624,16863176,16863184,1678233626578,false
7155676,0.1910000,9638,16863185,16863191,1678233626665,false
7155677,0.1909000,27,16863192,16863192,1678233626689,true
7155678,0.1908000,37,16863193,16863193,1678233626689,true
7155679,0.1909000,605,16863194,16863194,1678233626702,false
7155680,0.1910000,1291,16863195,16863195,1678233626887,false
7155681,0.1910000,9119,16863196,16863200,1678233627703,false
7155682,0.1909000,853,16863201,16863202,1678233628478,true
7155683,0.1910000,7718,16863203,16863209,1678233628652,false
7155684,0.1911000,1084,16863210,16863213,1678233628652,false
7155685,0.1909000,52,16863214,16863214,1678233628652,true
7155686,0.1910000,492,16863215,16863215,1678233629304,true
7155687,0.1909000,801,16863216,16863216,1678233629304,true
7155688,0.1909000,547,16863217,16863219,1678233629493,true
7155689,0.1910000,6889,16863220,16863224,1678233629674,false
7155690,0.1910000,27,16863225,16863225,1678233630089,false
7155691,0.1910000,1743,16863226,16863227,1678233630498,true
7155692,0.1910000,1268,16863228,16863229,1678233630590,false
7155693,0.1909000,848,16863230,16863231,1678233631457,true
7155694,0.1910000,5203,16863232,16863234,1678233632237,false
7155695,0.1911000,1316,16863235,16863235,1678233632237,false
7155696,0.1911000,833,16863236,16863236,1678233632676,false
7155697,0.1911000,1550,16863237,16863242,1678233632933,false
7155698,0.1911000,39,16863243,16863243,1678233633454,false
7155699,0.1911000,719,16863244,16863244,1678233633694,false
7155700,0.1911000,6358,16863245,16863248,1678233634215,false
7155701,0.1912000,12268,16863249,16863262,1678233634215,false
7155702,0.1913000,6209,16863263,16863270,1678233634215,false
7155703,0.1912000,519,16863271,16863273,1678233634241,true
7155704,0.1911000,1059,16863274,16863276,1678233634412,true
7155705,0.1911000,4063,16863277,16863278,1678233634581,true
7155706,0.1911000,4812,16863279,16863280,1678233634654,false
7155707,0.1912000,7169,16863281,16863285,1678233634654,false
7155708,0.1911000,370,16863286,16863286,1678233635242,true
7155709,0.1912000,1844,16863287,16863289,1678233635489,false
7155710,0.1912000,555,16863290,16863291,1678233635542,true
7155711,0.1911000,1313,16863292,16863292,1678233635903,true
7155712,0.1911000,2038,16863293,16863296,1678233636534,true
7155713,0.1912000,87,16863297,16863297,1678233636694,false
7155714,0.1913000,4449,16863298,16863300,1678233636694,false
7155715,0.1912000,63,16863301,16863301,1678233636724,true
7155716,0.1912000,1234,16863302,16863303,1678233638488,true
7155717,0.1913000,2103,16863304,16863309,1678233638656,false
7155718,0.1913000,1106,16863310,16863312,1678233642087,false
7155719,0.1913000,1318,16863313,16863313,1678233642408,true
7155720,0.1914000,39,16863314,16863314,1678233643646,false
7155721,0.1913000,1299,16863315,16863316,1678233646468,true
7155722,0.1914000,953,16863317,16863322,1678233646600,false
7155723,0.1913000,1278,16863323,16863324,1678233650410,true
7155724,0.1913000,513,16863325,16863325,1678233653373,true
7155725,0.1913000,513,16863326,16863327,1678233654374,true
7155726,0.1914000,39,16863328,16863328,1678233655834,false
7155727,0.1913000,406,16863329,16863329,1678233657419,true
7155728,0.1914000,1683,16863330,16863332,1678233657601,false
7155729,0.1914000,427,16863333,16863334,1678233658416,true
7155730,0.1915000,995,16863335,16863341,1678233658571,false
7155731,0.1914000,2447,16863342,16863343,1678233660076,true
7155732,0.1914000,238,16863344,16863344,1678233660342,true
7155733,0.1915000,62,16863345,16863347,1678233661312,false
7155734,0.1914000,427,16863348,16863348,1678233661431,true
7155735,0.1914000,1085,16863349,16863350,1678233661909,true
7155736,0.1914000,23237,16863351,16863357,1678233662482,true
7155737,0.1913000,12588,16863358,16863367,1678233662495,true
7155738,0.1912000,2582,16863368,16863370,1678233662762,true
7155739,0.1912000,750,16863371,16863371,1678233663334,true
7155740,0.1911000,1376,16863372,16863373,1678233663334,true
7155741,0.1911000,51,16863374,16863374,1678233663435,true
7155742,0.1912000,3805,16863375,16863380,1678233667286,false
7155743,0.1913000,935,16863381,16863382,1678233667338,false
7155744,0.1913000,5023,16863383,16863387,1678233667599,false
7155745,0.1914000,39,16863388,16863388,1678233668008,false
7155746,0.1914000,523,16863389,16863390,1678233668320,false
7155747,0.1913000,85,16863391,16863391,1678233668371,true
7155748,0.1914000,1681,16863392,16863392,1678233668488,false
7155749,0.1913000,3318,16863393,16863396,1678233668616,true
7155750,0.1914000,687,16863397,16863399,1678233668822,false
7155751,0.1914000,3852,16863400,16863404,1678233669648,false
7155752,0.1915000,1689,16863405,16863406,1678233669748,false
7155753,0.1915000,1177,16863407,16863407,1678233670709,false
7155754,0.1915000,6384,16863408,16863412,1678233672073,false
7155755,0.1915000,62,16863413,16863413,1678233672493,false
7155756,0.1915000,5997,16863414,16863420,1678233673839,false
7155757,0.1916000,1053,16863421,16863427,1678233674030,false
7155758,0.1915000,471,16863428,16863428,1678233674574,true
7155759,0.1916000,2349,16863429,16863431,1678233674845,false
7155760,0.1917000,330,16863432,16863433,1678233674845,false
7155761,0.1917000,1028,16863434,16863439,1678233675283,false
7155762,0.1916000,171,16863440,16863440,1678233676357,true
7155763,0.1917000,3537,16863441,16863443,1678233677065,false
7155764,0.1918000,17764,16863444,16863453,1678233677065,false
7155765,0.1917000,1052,16863454,16863456,1678233678105,true
7155766,0.1918000,2247,16863457,16863457,1678233678651,false
7155767,0.1918000,608,16863458,16863458,1678233679074,false
7155768,0.1918000,39,16863459,16863459,1678233679275,false
7155769,0.1918000,62,16863460,16863460,1678233679682,false
7155770,0.1917000,1282,16863461,16863461,1678233680263,true
7155771,0.1917000,313,16863462,16863462,1678233680390,true
7155772,0.1918000,356,16863463,16863463,1678233680817,false
7155773,0.1917000,157,16863464,16863464,1678233680931,true
7155774,0.1917000,237,16863465,16863465,1678233681438,true
7155775,0.1918000,1253,16863466,16863467,1678233681804,false
7155776,0.1919000,761,16863468,16863470,1678233681804,false
7155777,0.1918000,1398,16863471,16863473,1678233681821,true
7155778,0.1919000,694,16863474,16863476,1678233682007,false
7155779,0.1918000,521,16863477,16863477,1678233682096,true
7155780,0.1918000,833,16863478,16863478,1678233682614,true
7155781,0.1918000,399,16863479,16863479,1678233683340,true
7155782,0.1918000,436,16863480,16863480,1678233684206,true
7155783,0.1917000,226,16863481,16863482,1678233684323,true
7155784,0.1918000,74,16863483,16863483,1678233685929,false
7155785,0.1917000,913,16863484,16863484,1678233686641,true
7155786,0.1918000,62,16863485,16863485,1678233686787,false
7155787,0.1917000,313,16863486,16863486,1678233687393,true
7155788,0.1917000,313,16863487,16863487,1678233688375,true
7155789,0.1918000,1215,16863488,16863489,1678233690638,false
7155790,0.1918000,62,16863490,16863490,1678233690887,false
7155791,0.1917000,313,16863491,16863491,1678233691342,true
7155792,0.1918000,700,16863492,16863494,1678233692425,false
7155793,0.1917000,1811,16863495,16863497,1678233693255,true
7155794,0.1917000,571,16863498,16863499,1678233694341,true
7155795,0.1917000,313,16863500,16863500,1678233698429,true
7155796,0.1918000,556,16863501,16863501,1678233700131,false
7155797,0.1918000,605,16863502,16863503,1678233700994,false
7155798,0.1918000,62,16863504,16863504,1678233702024,false
7155799,0.1917000,313,16863505,16863505,1678233702356,true
7155800,0.1918000,3480,16863506,16863510,1678233705592,false
7155801,0.1917000,142,16863511,16863511,1678233706311,true
7155802,0.1917000,6562,16863512,16863513,1678233708170,true
7155803,0.1917000,2079,16863514,16863514,1678233708322,true
7155804,0.1918000,216,16863515,16863515,1678233709143,false
7155805,0.1918000,992,16863516,16863518,1678233709530,false
7155806,0.1918000,5216,16863519,16863521,1678233709696,false
7155807,0.1918000,418,16863522,16863522,1678233710030,false
7155808,0.1918000,62,16863523,16863523,1678233713135,false
7155809,0.1918000,62,16863524,16863524,1678233714195,false
7155810,0.1918000,1317,16863525,16863529,1678233714515,false
7155811,0.1918000,798,16863530,16863530,1678233715148,false
7155812,0.1918000,1079,16863531,16863533,1678233715543,true
7155813,0.1918000,7236,16863534,16863538,1678233716143,false
7155814,0.1919000,4834,16863539,16863545,1678233716143,false
7155815,0.1918000,1483,16863546,16863548,1678233716881,true
7155816,0.1917000,71,16863549,16863549,1678233716913,true
7155817,0.1917000,71,16863550,16863550,1678233719071,true
7155818,0.1918000,820,16863551,16863551,1678233722266,false
7155819,0.1918000,62,16863552,16863552,1678233722387,false
7155820,0.1917000,1163,16863553,16863553,1678233722672,true
7155821,0.1917000,7069,16863554,16863563,1678233723066,true
7155822,0.1916000,931,16863564,16863566,1678233723558,true
7155823,0.1916000,1894,16863567,16863567,1678233723661,true
7155824,0.1917000,62,16863568,16863568,1678233725327,false
7155825,0.1917000,4355,16863569,16863574,1678233725653,false
7155826,0.1918000,1572,16863575,16863577,1678233725739,false
7155827,0.1917000,49,16863578,16863578,1678233726255,true
7155828,0.1917000,49,16863579,16863579,1678233726488,true
7155829,0.1917000,10133,16863580,16863586,1678233727150,true
7155830,0.1917000,684,16863587,16863587,1678233732136,true
7155831,0.1917000,3714,16863588,16863590,1678233733814,false
7155832,0.1917000,1336,16863591,16863592,1678233733882,true
7155833,0.1918000,62,16863593,16863593,1678233739574,false
7155834,0.1917000,3039,16863594,16863596,1678233740064,true
7155835,0.1918000,554,16863597,16863597,1678233742193,false
7155836,0.1918000,3161,16863598,16863602,1678233743705,false
7155837,0.1918000,1129,16863603,16863604,1678233745431,false
7155838,0.1917000,614,16863605,16863605,1678233748499,true
7155839,0.1918000,62,16863606,16863606,1678233750292,false
7155840,0.1917000,6915,16863607,16863609,1678233751577,true
7155841,0.1916000,6963,16863610,16863611,1678233751577,true
7155842,0.1917000,50,16863612,16863612,1678233752221,false
7155843,0.1916000,5805,16863613,16863613,1678233752606,true
7155844,0.1916000,880,16863614,16863614,1678233754066,true
7155845,0.1917000,87,16863615,16863615,1678233754145,false
7155846,0.1916000,231,16863616,16863616,1678233756109,true
7155847,0.1917000,1326,16863617,16863618,1678233757850,false
7155848,0.1917000,566,16863619,16863619,1678233761359,false
7155849,0.1917000,62,16863620,16863620,1678233762478,false
7155850,0.1916000,868,16863621,16863622,1678233764221,true
7155851,0.1916000,1046,16863623,16863623,1678233782134,true
7155852,0.1916000,638,16863624,16863624,1678233782822,true
7155853,0.1916000,1787,16863625,16863625,1678233784316,true
7155854,0.1916000,769,16863626,16863626,1678233786012,true
7155855,0.1916000,559,16863627,16863627,1678233794940,true
7155856,0.1917000,571,16863628,16863629,1678233802814,false
7155857,0.1917000,653,16863630,16863630,1678233811256,false
7155858,0.1916000,35,16863631,16863631,1678233814054,true
7155859,0.1917000,229,16863632,16863632,1678233814598,false
7155860,0.1917000,2324,16863633,16863635,1678233818640,false
7155861,0.1917000,12855,16863636,16863647,1678233818761,false
7155862,0.1917000,5946,16863648,16863650,1678233818892,false
7155863,0.1917000,9626,16863651,16863654,1678233819095,true
7155864,0.1917000,310,16863655,16863655,1678233819146,false
7155865,0.1916000,670,16863656,16863656,1678233820823,true
7155866,0.1916000,10199,16863657,16863659,1678233822777,true
7155867,0.1916000,36258,16863660,16863665,1678233822926,true
7155868,0.1915000,2030,16863666,16863669,1678233822950,true
7155869,0.1915000,51,16863670,16863670,1678233823375,true
7155870,0.1916000,1153,16863671,16863671,1678233829804,false
7155871,0.1915000,533,16863672,16863672,1678233833872,true
7155872,0.1916000,6193,16863673,16863678,1678233835632,false
7155873,0.1916000,4,16863679,16863679,1678233835785,false
7155874,0.1916000,958,16863680,16863680,1678233836503,true
7155875,0.1917000,2361,16863681,16863684,1678233837937,false
7155876,0.1917000,911,16863685,16863686,1678233841628,true
7155877,0.1917000,3336,16863687,16863691,1678233843893,false
7155878,0.1916000,614,16863692,16863692,1678233843989,true
7155879,0.1917000,605,16863693,16863693,1678233844021,false
7155880,0.1918000,1111,16863694,16863695,1678233844309,false
7155881,0.1918000,1098,16863696,16863697,1678233846926,true
7155882,0.1917000,319,16863698,16863698,1678233846926,true
7155883,0.1919000,1037,16863699,16863701,1678233853626,false
7155884,0.1918000,927,16863702,16863703,1678233854619,true
7155885,0.1919000,4478,16863704,16863708,1678233855719,false
7155886,0.1920000,12167,16863709,16863722,1678233855719,false
7155887,0.1920000,637,16863723,16863724,1678233855719,true
7155888,0.1920000,654,16863725,16863725,1678233855823,true
7155889,0.1921000,3320,16863726,16863731,1678233855894,false
7155890,0.1920000,185,16863732,16863732,1678233856200,true
7155891,0.1921000,2448,16863733,16863735,1678233858080,false
7155892,0.1922000,3584,16863736,16863742,1678233858080,false
7155893,0.1920000,7250,16863743,16863748,1678233858080,true
7155894,0.1919000,12125,16863749,16863757,1678233858080,true
7155895,0.1921000,243,16863758,16863761,1678233858098,true
7155896,0.1921000,2256,16863762,16863764,1678233858225,true
7155897,0.1920000,27,16863765,16863765,1678233858545,true
7155898,0.1919000,36,16863766,16863766,1678233858545,true
7155899,0.1919000,26,16863767,16863767,1678233867578,true
7155900,0.1919000,1271,16863768,16863771,1678233871344,true
7155901,0.1920000,1001,16863772,16863773,1678233873229,false
7155902,0.1919000,1255,16863774,16863776,1678233875058,true
7155903,0.1919000,999,16863777,16863777,1678233880172,false
7155904,0.1918000,209,16863778,16863779,1678233880735,true
7155905,0.1918000,2329,16863780,16863783,1678233889977,true
7155906,0.1918000,90,16863784,16863784,1678233900241,false
7155907,0.1917000,100,16863785,16863785,1678233900377,true
7155908,0.1917000,51,16863786,16863786,1678233900831,true
7155909,0.1917000,2323,16863787,16863791,1678233901715,true
7155910,0.1916000,2475,16863792,16863796,1678233902354,true
7155911,0.1916000,1261,16863797,16863797,1678233902607,true
7155912,0.1915000,590,16863798,16863800,1678233902728,true
7155913,0.1915000,317,16863801,16863802,1678233904578,true
7155914,0.1914000,3712,16863803,16863809,1678233904578,true
7155915,0.1914000,783,16863810,16863810,1678233905848,true
7155916,0.1914000,4689,16863811,16863815,1678233907964,false
7155917,0.1914000,9196,16863816,16863820,1678233910049,false
7155918,0.1914000,451,16863821,16863822,1678233916424,true
7155919,0.1914000,733,16863823,16863824,1678233917462,true
7155920,0.1913000,2206,16863825,16863828,1678233917462,true
7155921,0.1913000,635,16863829,16863829,1678233917583,true
7155922,0.1914000,377,16863830,16863830,1678233924296,false
7155923,0.1913000,1574,16863831,16863831,1678233929895,true
7155924,0.1914000,623,16863832,16863834,1678233930207,false
7155925,0.1913000,340,16863835,16863837,1678233934522,true
7155926,0.1912000,679,16863838,16863839,1678233934522,true
7155927,0.1912000,12,16863840,16863840,1678233935207,true
7155928,0.1913000,1044,16863841,16863843,1678233937193,false
7155929,0.1912000,273,16863844,16863847,1678233939412,true
7155930,0.1911000,5724,16863848,16863853,1678233941579,true
7155931,0.1910000,707,16863854,16863857,1678233942562,true
7155932,0.1909000,1367,16863858,16863863,1678233942562,true
7155933,0.1910000,10609,16863864,16863872,1678233947693,false
7155934,0.1910000,533,16863873,16863873,1678233950521,true
7155935,0.1911000,258,16863874,16863874,1678233954207,false
7155936,0.1911000,232,16863875,16863875,1678233958143,false
7155937,0.1911000,259,16863876,16863876,1678233960177,false
7155938,0.1910000,101,16863877,16863877,1678233960332,true
7155939,0.1910000,2873,16863878,16863880,1678233964230,true
7155940,0.1910000,135,16863881,16863881,1678233977248,false
7155941,0.1910000,110,16863882,16863882,1678233984182,false
7155942,0.1910000,109,16863883,16863883,1678233988222,false
7155943,0.1910000,109,16863884,16863885,1678233990226,false
7155944,0.1910000,7599,16863886,16863888,1678233996036,false
7155945,0.1911000,4592,16863889,16863892,1678233996221,false
7155946,0.1910000,1706,16863893,16863893,1678233996225,true
7155947,0.1911000,1117,16863894,16863895,1678233997075,true
7155948,0.1911000,1648,16863896,16863898,1678234008608,true
7155949,0.1912000,5491,16863899,16863903,1678234014215,false
7155950,0.1911000,99,16863904,16863904,1678234020343,true
7155951,0.1912000,2091,16863905,16863907,1678234028532,false
7155952,0.1911000,4754,16863908,16863910,1678234028583,true
7155953,0.1911000,6865,16863911,16863915,1678234050180,true
7155954,0.1910000,42,16863916,16863916,1678234050840,true
7155955,0.1910000,2317,16863917,16863920,1678234069540,true
7155956,0.1910000,2698,16863921,16863923,1678234070345,false
7155957,0.1909000,2118,16863924,16863928,1678234075056,true
7155958,0.1909000,104,16863929,16863929,1678234078215,false
7155959,0.1909000,6282,16863930,16863938,1678234078608,false
7155960,0.1910000,561,16863939,16863939,1678234084019,false
7155961,0.1909000,1261,16863940,16863940,1678234088267,true
7155962,0.1909000,2270,16863941,16863942,1678234102702,true
7155963,0.1909000,561,16863943,16863943,1678234103628,true
7155964,0.1909000,112,16863944,16863944,1678234104168,false
7155965,0.1909000,3559,16863945,16863948,1678234106664,false
7155966,0.1909000,112,16863949,16863949,1678234110187,false
7155967,0.1909000,2582,16863950,16863950,1678234111496,false
7155968,0.1908000,118,16863951,16863951,1678234130363,true
7155969,0.1908000,2365,16863952,16863957,1678234139074,true
7155970,0.1907000,4337,16863958,16863960,1678234139074,true
7155971,0.1907000,7815,16863961,16863969,1678234139219,true
7155972,0.1907000,172,16863970,16863970,1678234140132,false
7155973,0.1907000,638,16863971,16863972,1678234142617,false
7155974,0.1907000,638,16863973,16863973,1678234143141,false
7155975,0.1907000,859,16863974,16863974,1678234144113,false
7155976,0.1907000,134,16863975,16863976,1678234148163,false
7155977,0.1907000,2914,16863977,16863977,1678234153228,false
7155978,0.1908000,149,16863978,16863978,1678234153704,false
7155979,0.1908000,7313,16863979,16863983,1678234154073,true
7155980,0.1907000,63,16863984,16863984,1678234154083,true
7155981,0.1908000,928,16863985,16863988,1678234157125,false
7155982,0.1908000,119,16863989,16863989,1678234160542,true
7155983,0.1907000,526,16863990,16863990,1678234160542,true
7155984,0.1908000,83,16863991,16863991,1678234164191,false
7155985,0.1908000,91,16863992,16863992,1678234168135,false
7155986,0.1907000,53,16863993,16863994,1678234168200,true
7155987,0.1908000,480,16863995,16864009,1678234169502,false
7155988,0.1907000,636,16864010,16864010,1678234176684,true
7155989,0.1906000,140,16864011,16864011,1678234176684,true
7155990,0.1906000,53,16864012,16864012,1678234177889,true
7155991,0.1906000,13727,16864013,16864027,1678234179064,true
7155992,0.1905000,7574,16864028,16864036,1678234179064,true
7155993,0.1906000,172,16864037,16864037,1678234194176,false
7155994,0.1906000,173,16864038,16864038,1678234198112,false
7155995,0.1906000,83,16864039,16864039,1678234200131,false
7155996,0.1906000,802,16864040,16864041,1678234203000,false
7155997,0.1906000,748,16864042,16864042,1678234203492,false
7155998,0.1905000,1276,16864043,16864045,1678234204392,true
7155999,0.1906000,1781,16864046,16864046,1678234206334,false
7156000,0.1906000,83,16864047,16864047,1678234208196,false
7156001,0.1905000,609,16864048,16864048,1678234214199,true
7156002,0.1905000,626,16864049,16864049,1678234219624,true
7156003,0.1905000,2001,16864050,16864051,1678234220840,true
7156004,0.1906000,37769,16864052,16864058,1678234222267,false
7156005,0.1907000,605,16864059,16864059,1678234222330,false
7156006,0.1908000,792,16864060,16864060,1678234222330,false
7156007,0.1908000,1675,16864061,16864061,1678234223092,false
7156008,0.1908000,2449,16864062,16864067,1678234229761,false
7156009,0.1908000,7199,16864068,16864071,1678234250562,true
7156010,0.1907000,1917,16864072,16864073,1678234254104,true
7156011,0.1908000,1141,16864074,16864075,1678234258101,false
7156012,0.1909000,7879,16864076,16864085,1678234270787,false
7156013,0.1909000,59,16864086,16864086,1678234270952,false
7156014,0.1908000,2846,16864087,16864087,1678234278442,true
7156015,0.1908000,1141,16864088,16864088,1678234279722,true
7156016,0.1908000,2582,16864089,16864092,1678234288311,true
7156017,0.1908000,3405,16864093,16864096,1678234292237,true
7156018,0.1907000,582,16864097,16864098,1678234292237,true
7156019,0.1907000,3017,16864099,16864101,1678234293818,true
7156020,0.1908000,2004,16864102,16864103,1678234302250,false
7156021,0.1909000,300,16864104,16864104,1678234302380,false
7156022,0.1908000,915,16864105,16864106,1678234304980,true
7156023,0.1909000,1059,16864107,16864107,1678234322888,false
7156024,0.1909000,599,16864108,16864108,1678234322990,false
7156025,0.1909000,1060,16864109,16864109,1678234323435,false
7156026,0.1909000,877,16864110,16864110,1678234323722,false
7156027,0.1909000,17844,16864111,16864118,1678234330409,false
7156028,0.1909000,4800,16864119,16864121,1678234330548,false
7156029,0.1910000,2165,16864122,16864123,1678234330806,false
7156030,0.1910000,11373,16864124,16864128,1678234332803,true
7156031,0.1910000,3340,16864129,16864130,1678234332846,false
7156032,0.1910000,480,16864131,16864131,1678234336487,true
7156033,0.1911000,53,16864132,16864132,1678234337276,false
7156034,0.1910000,1354,16864133,16864133,1678234337485,true
7156035,0.1910000,2487,16864134,16864134,1678234341699,true
7156036,0.1910000,200,16864135,16864135,1678234346614,true
7156037,0.1910000,197,16864136,16864136,1678234350206,true
7156038,0.1910000,1068,16864137,16864139,1678234351526,true
7156039,0.1909000,5172,16864140,16864144,1678234354148,false
7156040,0.1908000,11329,16864145,16864153,1678234360633,true
7156041,0.1908000,101,16864154,16864154,1678234360719,false
7156042,0.1907000,3102,16864155,16864157,1678234362750,true
7156043,0.1906000,107,16864158,16864158,1678234362750,true
7156044,0.1907000,464,16864159,16864159,1678234362767,false
7156045,0.1907000,349,16864160,16864162,1678234380429,true
7156046,0.1907000,242,16864163,16864163,1678234380756,true
7156047,0.1906000,9410,16864164,16864169,1678234380756,true
7156048,0.1907000,313,16864170,16864170,1678234380771,false
7156049,0.1906000,28,16864171,16864171,1678234380900,true
7156050,0.1906000,47,16864172,16864172,1678234383238,false
7156051,0.1907000,1575,16864173,16864175,1678234387042,true
7156052,0.1907000,130,16864176,16864176,1678234388342,true
7156053,0.1907000,786,16864177,16864178,1678234396756,false
7156054,0.1907000,1085,16864179,16864181,1678234401238,false
7156055,0.1906000,2075,16864182,16864185,1678234418001,true
7156056,0.1905000,4392,16864186,16864188,1678234418001,true
7156057,0.1905000,101,16864189,16864189,1678234421160,true
7156058,0.1906000,3676,16864190,16864192,1678234423825,false
7156059,0.1905000,2649,16864193,16864195,1678234426504,true
7156060,0.1905000,3249,16864196,16864196,1678234427379,true
7156061,0.1905000,13697,16864197,16864202,1678234434258,true
7156062,0.1904000,7375,16864203,16864211,1678234434258,true
7156063,0.1905000,208,16864212,16864212,1678234439515,false
7156064,0.1904000,95,16864213,16864213,1678234439695,true
7156065,0.1904000,173,16864214,16864214,1678234440629,true
7156066,0.1905000,987,16864215,16864216,1678234442960,false
7156067,0.1905000,986,16864217,16864218,1678234443260,false
7156068,0.1905000,1041,16864219,16864220,1678234443465,false
7156069,0.1904000,7455,16864221,16864228,1678234448550,true
7156070,0.1904000,2662,16864229,16864231,1678234450100,false
7156071,0.1904000,677,16864232,16864233,1678234456238,true
7156072,0.1903000,308,16864234,16864236,1678234467298,true
7156073,0.1903000,781,16864237,16864241,1678234471308,true
7156074,0.1902000,408,16864242,16864242,1678234471308,true
7156075,0.1902000,512,16864243,16864259,1678234480862,true
7156076,0.1902000,3407,16864260,16864266,1678234481659,true
7156077,0.1902000,4651,16864267,16864272,1678234491700,false
7156078,0.1902000,99,16864273,16864273,1678234500545,true
7156079,0.1903000,953,16864274,16864276,1678234502987,false
7156080,0.1903000,53,16864277,16864277,1678234503960,false
7156081,0.1903000,1998,16864278,16864280,1678234504431,false
7156082,0.1904000,1371,16864281,16864282,1678234504837,false
7156083,0.1903000,6662,16864283,16864288,1678234505694,true
7156084,0.1903000,1323,16864289,16864289,1678234511855,false
7156085,0.1903000,999,16864290,16864290,1678234512445,false
7156086,0.1902000,402,16864291,16864291,1678234516870,true
7156087,0.1902000,425,16864292,16864293,1678234519479,true
7156088,0.1903000,35,16864294,16864294,1678234522803,false
7156089,0.1903000,890,16864295,16864296,1678234523397,false
7156090,0.1903000,1068,16864297,16864297,1678234524354,false
7156091,0.1902000,77,16864298,16864298,1678234530303,true
7156092,0.1903000,1313,16864299,16864300,1678234532622,false
7156093,0.1902000,11197,16864301,16864309,1678234551990,true
7156094,0.1901000,3813,16864310,16864316,1678234552011,true
7156095,0.1901000,3853,16864317,16864318,1678234555802,false
7156096,0.1900000,687,16864319,16864322,1678234563047,true
7156097,0.1900000,687,16864323,16864326,1678234563664,true
7156098,0.1900000,429,16864327,16864328,1678234564060,true
7156099,0.1899000,216,16864329,16864329,1678234564060,true
7156100,0.1899000,851,16864330,16864334,1678234564448,true
7156101,0.1899000,3023,16864335,16864338,1678234566012,true
7156102,0.1898000,494,16864339,16864341,1678234566085,true
7156103,0.1900000,95,16864342,16864342,1678234566085,false
7156104,0.1898000,4082,16864343,16864348,1678234566216,true
7156105,0.1898000,523,16864349,16864349,1678234566413,true
7156106,0.1898000,5049,16864350,16864353,1678234569135,true
7156107,0.1897000,15672,16864354,16864363,1678234569135,true
7156108,0.1898000,2689,16864364,16864365,1678234569158,false
7156109,0.1898000,7222,16864366,16864369,1678234569994,true
7156110,0.1897000,3352,16864370,16864370,1678234569994,true
7156111,0.1898000,559,16864371,16864371,1678234570055,false
7156112,0.1899000,98,16864372,16864372,1678234574643,false
7156113,0.1898000,105,16864373,16864373,1678234583548,true
7156114,0.1897000,311,16864374,16864374,1678234587981,true
7156115,0.1897000,424,16864375,16864375,1678234590653,true
7156116,0.1897000,6592,16864376,16864377,1678234592253,true
7156117,0.1896000,131,16864378,16864379,1678234592253,true
7156118,0.1896000,3706,16864380,16864389,1678234593615,true
7156119,0.1895000,53,16864390,16864390,1678234594123,true
7156120,0.1895000,2554,16864391,16864395,1678234595090,true
7156121,0.1894000,18405,16864396,16864410,1678234595090,true
7156122,0.1893000,12066,16864411,16864420,1678234595091,true
7156123,0.1893000,98,16864421,16864421,1678234598745,true
7156124,0.1893000,270,16864422,16864422,1678234599616,true
7156125,0.1894000,5415,16864423,16864426,1678234600292,false
7156126,0.1894000,10082,16864427,16864432,1678234600781,true
7156127,0.1893000,975,16864433,16864433,1678234600781,true
7156128,0.1894000,2736,16864434,16864437,1678234600824,false
7156129,0.1894000,278,16864438,16864438,1678234614628,true
7156130,0.1895000,712,16864439,16864439,1678234615880,false
7156131,0.1895000,5913,16864440,16864442,1678234621641,false
7156132,0.1896000,39,16864443,16864443,1678234621682,false
7156133,0.1896000,6879,16864444,16864448,1678234621843,false
7156134,0.1896000,1115,16864449,16864450,1678234636183,true
7156135,0.1895000,197,16864451,16864451,1678234636183,true
7156136,0.1895000,60,16864452,16864452,1678234643580,true
7156137,0.1896000,3529,16864453,16864456,1678234644861,false
7156138,0.1896000,709,16864457,16864458,1678234646927,true
7156139,0.1898000,373,16864459,16864461,1678234669615,false
7156140,0.1898000,277,16864462,16864463,1678234678617,true
7156141,0.1898000,782,16864464,16864465,1678234684295,false
7156142,0.1899000,5066,16864466,16864470,1678234685633,false
7156143,0.1899000,88,16864471,16864471,1678234688739,false
7156144,0.1899000,300,16864472,16864472,1678234689358,false
7156145,0.1899000,947,16864473,16864473,1678234694099,false
7156146,0.1899000,4686,16864474,16864477,1678234696078,true
7156147,0.1899000,300,16864478,16864478,1678234704356,false
7156148,0.1899000,94,16864479,16864479,1678234709854,false
7156149,0.1898000,88,16864480,16864480,1678234722315,true
7156150,0.1898000,305,16864481,16864482,1678234728315,true
7156151,0.1899000,10766,16864483,16864489,1678234740843,false
7156152,0.1899000,3933,16864490,16864494,1678234740903,true
7156153,0.1900000,526,16864495,16864496,1678234741110,false
7156154,0.1899000,271,16864497,16864497,1678234744412,true
7156155,0.1899000,925,16864498,16864499,1678234754163,true
7156156,0.1898000,4,16864500,16864500,1678234754419,true
7156157,0.1898000,12961,16864501,16864506,1678234764099,true
7156158,0.1898000,1860,16864507,16864508,1678234778502,false
7156159,0.1898000,2864,16864509,16864514,1678234778873,false
7156160,0.1898000,6768,16864515,16864519,1678234784684,true
7156161,0.1897000,299,16864520,16864520,1678234792273,true
7156162,0.1897000,7212,16864521,16864527,1678234798308,true
7156163,0.1896000,4182,16864528,16864532,1678234798477,true
7156164,0.1896000,563,16864533,16864533,1678234802290,false
7156165,0.1896000,689,16864534,16864536,1678234802907,false
7156166,0.1896000,134,16864537,16864537,1678234803428,false
7156167,0.1897000,1663,16864538,16864540,1678234808338,false
7156168,0.1897000,602,16864541,16864542,1678234809575,false
7156169,0.1897000,147,16864543,16864544,1678234818935,false
7156170,0.1898000,1359,16864545,16864546,1678234818935,false
7156171,0.1898000,852,16864547,16864547,1678234819094,false
7156172,0.1898000,1909,16864548,16864550,1678234822140,false
7156173,0.1898000,1848,16864551,16864552,1678234822290,false
7156174,0.1898000,672,16864553,16864554,1678234822735,false
7156175,0.1899000,920,16864555,16864556,1678234822735,false
7156176,0.1899000,9478,16864557,16864560,1678234824897,false
7156177,0.1899000,50,16864561,16864561,1678234834218,true
7156178,0.1899000,305,16864562,16864562,1678234877813,true
7156179,0.1900000,54,16864563,16864564,1678234883805,false
7156180,0.1900000,53,16864565,16864566,1678234891058,false
7156181,0.1900000,239,16864567,16864568,1678234891246,false
7156182,0.1901000,53,16864569,16864569,1678234905238,false
7156183,0.1901000,595,16864570,16864572,1678234905448,false
7156184,0.1901000,280,16864573,16864573,1678234907568,true
7156185,0.1902000,243,16864574,16864574,1678234908129,false
7156186,0.1902000,230,16864575,16864576,1678234908435,false
7156187,0.1902000,1607,16864577,16864579,1678234910366,false
7156188,0.1903000,85,16864580,16864580,1678234914115,false
7156189,0.1903000,53,16864581,16864581,1678234915521,false
7156190,0.1902000,18,16864582,16864582,1678234917396,true
7156191,0.1902000,645,16864583,16864584,1678234922712,true
7156192,0.1902000,617,16864585,16864586,1678234923751,true
7156193,0.1903000,53,16864587,16864587,1678234926675,false
7156194,0.1902000,927,16864588,16864588,1678234928187,true
7156195,0.1902000,53,16864589,16864589,1678234933822,false
7156196,0.1901000,275,16864590,16864590,1678234938009,true
7156197,0.1902000,530,16864591,16864592,1678234943698,false
7156198,0.1902000,53,16864593,16864593,1678234946939,false
7156199,0.1902000,1933,16864594,16864596,1678234955234,true
7156200,0.1901000,7340,16864597,16864600,1678234959140,true
7156201,0.1900000,2676,16864601,16864603,1678234959257,true
7156202,0.1900000,28,16864604,16864604,1678234959398,true
7156203,0.1899000,561,16864605,16864605,1678234965225,true
7156204,0.1898000,266,16864606,16864607,1678234968831,true
7156205,0.1898000,40,16864608,16864608,1678234969821,true
7156206,0.1897000,210,16864609,16864609,1678234979994,true
7156207,0.1897000,300,16864610,16864610,1678234985392,true
7156208,0.1898000,6970,16864611,16864617,1678234995407,false
7156209,0.1898000,458,16864618,16864618,1678234996531,false
7156210,0.1897000,274,16864619,16864619,1678234996533,true
7156211,0.1899000,52,16864620,16864620,1678234997914,false
7156212,0.1899000,553,16864621,16864621,1678235000698,false
7156213,0.1899000,269,16864622,16864622,1678235006011,true
7156214,0.1900000,312,16864623,16864624,1678235018183,false
7156215,0.1900000,307,16864625,16864625,1678235029979,true
7156216,0.1900000,1315,16864626,16864630,1678235032182,true
7156217,0.1900000,605,16864631,16864631,1678235035247,false
7156218,0.1900000,5782,16864632,16864637,1678235035513,true
7156219,0.1901000,210,16864638,16864638,1678235038538,false
7156220,0.1900000,40,16864639,16864639,1678235051449,true
7156221,0.1899000,85,16864640,16864640,1678235097243,true
7156222,0.1900000,1052,16864641,16864642,1678235099093,false
7156223,0.1900000,85,16864643,16864643,1678235099494,false
7156224,0.1899000,2589,16864644,16864646,1678235109245,true
7156225,0.1898000,85,16864647,16864648,1678235122028,true
7156226,0.1899000,910,16864649,16864650,1678235122036,false
7156227,0.1899000,4484,16864651,16864655,1678235122409,false
7156228,0.1900000,7694,16864656,16864662,1678235122409,false
7156229,0.1900000,29,16864663,16864664,1678235122657,false
7156230,0.1899000,83,16864665,16864665,1678235126484,true
7156231,0.1900000,832,16864666,16864667,1678235136562,true
7156232,0.1900000,130,16864668,16864668,1678235148740,false
7156233,0.1900000,134,16864669,16864669,1678235162523,true
7156234,0.1899000,655,16864670,16864671,1678235163051,true
7156235,0.1899000,2800,16864672,16864674,1678235169377,false
7156236,0.1899000,605,16864675,16864675,1678235171469,true
7156237,0.1898000,307,16864676,16864677,1678235172791,true
7156238,0.1898000,16844,16864678,16864683,1678235176133,true
7156239,0.1897000,270,16864684,16864684,1678235179069,true
7156240,0.1897000,128,16864685,16864685,1678235184299,true
7156241,0.1898000,2678,16864686,16864691,1678235190525,false
7156242,0.1898000,275,16864692,16864692,1678235190572,true
7156243,0.1898000,1378,16864693,16864694,1678235194138,true
7156244,0.1897000,269,16864695,16864696,1678235201011,true
7156245,0.1896000,2927,16864697,16864701,1678235221657,true
7156246,0.1895000,465,16864702,16864704,1678235224090,true
7156247,0.1894000,392,16864705,16864707,1678235224090,true
7156248,0.1895000,605,16864708,16864708,1678235224238,false
7156249,0.1895000,482,16864709,16864709,1678235241261,true
7156250,0.1895000,2700,16864710,16864712,1678235245371,true
7156251,0.1894000,1651,16864713,16864714,1678235245371,true
7156252,0.1896000,4207,16864715,16864722,1678235254415,false
7156253,0.1896000,4359,16864723,16864727,1678235279452,true
7156254,0.1895000,165,16864728,16864728,1678235299251,true
7156255,0.1895000,307,16864729,16864729,1678235316007,true
7156256,0.1896000,128,16864730,16864730,1678235330883,false
7156257,0.1895000,605,16864731,16864731,1678235332815,true
7156258,0.1895000,3420,16864732,16864736,1678235356176,false
7156259,0.1895000,281,16864737,16864737,1678235363137,true
7156260,0.1895000,301,16864738,16864738,1678235365980,true
7156261,0.1895000,2806,16864739,16864742,1678235367307,true
7156262,0.1895000,443,16864743,16864743,1678235367884,false
7156263,0.1894000,2124,16864744,16864745,1678235391888,true
7156264,0.1895000,3127,16864746,16864752,1678235402467,false
7156265,0.1895000,1073,16864753,16864755,1678235406578,true
7156266,0.1896000,326,16864756,16864757,1678235412932,false
7156267,0.1897000,2244,16864758,16864759,1678235413049,false
7156268,0.1897000,2012,16864760,16864763,1678235415175,true
7156269,0.1897000,60,16864764,16864764,1678235418128,false
7156270,0.1897000,54,16864765,16864765,1678235425864,false
7156271,0.1896000,8881,16864766,16864769,1678235430057,true
7156272,0.1895000,6364,16864770,16864773,1678235430057,true
7156273,0.1896000,298,16864774,16864774,1678235430344,false
7156274,0.1895000,131,16864775,16864776,1678235435981,true
7156275,0.1896000,54,16864777,16864777,1678235438050,false
7156276,0.1896000,79,16864778,16864778,1678235438330,false
7156277,0.1895000,276,16864779,16864779,1678235444852,true
7156278,0.1896000,54,16864780,16864780,1678235446178,false
7156279,0.1895000,277,16864781,16864781,1678235446233,true
7156280,0.1895000,587,16864782,16864783,1678235446396,true
7156281,0.1895000,162,16864784,16864784,1678235454352,false
7156282,0.1895000,163,16864785,16864785,1678235458286,false
7156283,0.1895000,482,16864786,16864787,1678235459812,false
7156284,0.1895000,54,16864788,16864788,1678235460381,false
7156285,0.1895000,1858,16864789,16864791,1678235462103,false
7156286,0.1896000,2700,16864792,16864795,1678235468580,true
7156287,0.1896000,54,16864796,16864796,1678235474572,false
7156288,0.1895000,109,16864797,16864797,1678235480020,true
7156289,0.1895000,54,16864798,16864798,1678235486692,false
7156290,0.1895000,1897,16864799,16864801,1678235488581,false
7156291,0.1895000,6157,16864802,16864806,1678235490469,true
7156292,0.1894000,15304,16864807,16864817,1678235490469,true
7156293,0.1895000,666,16864818,16864818,1678235490482,false
7156294,0.1894000,1553,16864819,16864819,1678235490489,true
7156295,0.1895000,1089,16864820,16864821,1678235494917,false
7156296,0.1896000,585,16864822,16864824,1678235502130,false
7156297,0.1897000,2251,16864825,16864827,1678235502872,false
7156298,0.1898000,79,16864828,16864829,1678235507009,false
7156299,0.1898000,227,16864830,16864830,1678235507595,false
7156300,0.1899000,248,16864831,16864831,1678235507595,false
7156301,0.1899000,666,16864832,16864832,1678235508748,true
7156302,0.1899000,79,16864833,16864833,1678235514195,false
7156303,0.1899000,2148,16864834,16864836,1678235519560,false
7156304,0.1900000,79,16864837,16864838,1678235524371,false
7156305,0.1900000,79,16864839,16864840,1678235532129,false
7156306,0.1900000,613,16864841,16864842,1678235537470,false
7156307,0.1900000,5895,16864843,16864846,1678235538609,true
7156308,0.1900000,69,16864847,16864847,1678235541104,false
7156309,0.1900000,2007,16864848,16864851,1678235542309,false
7156310,0.1900000,269,16864852,16864852,1678235543257,true
7156311,0.1901000,579,16864853,16864856,1678235544021,false
7156312,0.1902000,83,16864857,16864858,1678235544021,false
7156313,0.1902000,79,16864859,16864859,1678235546330,false
7156314,0.1902000,866,16864860,16864860,1678235548300,false
7156315,0.1902000,1026,16864861,16864862,1678235548802,true
7156316,0.1902000,66,16864863,16864863,1678235553416,false
7156317,0.1901000,7388,16864864,16864867,1678235555139,true
7156318,0.1901000,666,16864868,16864869,1678235555253,true
7156319,0.1901000,79,16864870,16864870,1678235558447,false
7156320,0.1900000,3409,16864871,16864872,1678235559833,true
7156321,0.1901000,4145,16864873,16864876,1678235561987,false
7156322,0.1902000,66,16864877,16864877,1678235565664,false
7156323,0.1902000,75,16864878,16864878,1678235566634,false
7156324,0.1902000,79,16864879,16864879,1678235568630,false
7156325,0.1901000,274,16864880,16864880,1678235572837,true
7156326,0.1901000,1101,16864881,16864882,1678235577485,true
7156327,0.1900000,271,16864883,16864883,1678235577628,true
7156328,0.1901000,66,16864884,16864884,1678235578806,false
7156329,0.1901000,70,16864885,16864885,1678235580782,false
7156330,0.1901000,66,16864886,16864886,1678235586491,false
7156331,0.1901000,282,16864887,16864887,1678235592446,false
7156332,0.1901000,66,16864888,16864888,1678235593681,false
7156333,0.1901000,70,16864889,16864889,1678235595029,false
7156334,0.1901000,115,16864890,16864890,1678235596658,false
7156335,0.1900000,20587,16864891,16864900,1678235600937,true
7156336,0.1900000,7455,16864901,16864909,1678235601040,true
7156337,0.1900000,5936,16864910,16864913,1678235603018,true
7156338,0.1901000,66,16864914,16864914,1678235603046,false
7156339,0.1900000,6010,16864915,16864920,1678235603192,true
7156340,0.1900000,757,16864921,16864922,1678235603353,true
7156341,0.1898000,1578,16864923,16864923,1678235603906,true
7156342,0.1899000,70,16864924,16864924,1678235605225,false
7156343,0.1899000,7155,16864925,16864930,1678235612222,false
7156344,0.1899000,54,16864931,16864931,1678235616219,false
7156345,0.1899000,70,16864932,16864932,1678235618419,false
7156346,0.1898000,308,16864933,16864935,1678235622823,true
7156347,0.1899000,51,16864936,16864936,1678235624923,false
7156348,0.1898000,315,16864937,16864937,1678235627837,true
7156349,0.1899000,70,16864938,16864938,1678235629579,false
7156350,0.1899000,51,16864939,16864939,1678235633019,false
7156351,0.1899000,14367,16864940,16864943,1678235639337,false
7156352,0.1899000,815,16864944,16864945,1678235639447,false
7156353,0.1900000,14791,16864946,16864958,1678235639516,false
7156354,0.1900000,70,16864959,16864959,1678235640768,false
7156355,0.1900000,51,16864960,16864960,1678235646204,false
7156356,0.1900000,51,16864961,16864961,1678235653374,false
7156357,0.1900000,78,16864962,16864962,1678235655183,false
7156358,0.1900000,1345,16864963,16864964,1678235656524,false
7156359,0.1900000,31,16864965,16864965,1678235662039,true
7156360,0.1900000,51,16864966,16864966,1678235662550,false
7156361,0.1900000,51,16864967,16864967,1678235672346,false
7156362,0.1899000,315,16864968,16864968,1678235674383,true
7156363,0.1899000,69,16864969,16864969,1678235674584,true
7156364,0.1899000,77,16864970,16864970,1678235674858,true
7156365,0.1899000,277,16864971,16864972,1678235703046,true
7156366,0.1899000,269,16864973,16864973,1678235704418,true
7156367,0.1900000,2082,16864974,16864977,1678235708610,false
7156368,0.1899000,78,16864978,16864978,1678235709804,true
7156369,0.1900000,331,16864979,16864979,1678235721883,false
7156370,0.1899000,273,16864980,16864980,1678235739117,true
7156371,0.1899000,10835,16864981,16864987,1678235741555,true
7156372,0.1899000,4190,16864988,16864990,1678235741671,true
7156373,0.1899000,203,16864991,16864991,1678235747702,false
7156374,0.1898000,309,16864992,16864993,1678235766214,true
7156375,0.1898000,1134,16864994,16864994,1678235772677,true
7156376,0.1898000,625,16864995,16864995,1678235796620,true
7156377,0.1897000,4322,16864996,16864998,1678235796940,true
7156378,0.1896000,1755,16864999,16865003,1678235798444,true
7156379,0.1895000,5613,16865004,16865009,1678235799422,true
7156380,0.1895000,2612,16865010,16865011,1678235799671,true
7156381,0.1894000,2375,16865012,16865016,1678235800094,true
7156382,0.1894000,6645,16865017,16865022,1678235800328,false
7156383,0.1894000,1688,16865023,16865025,1678235802344,true
7156384,0.1894000,7734,16865026,16865031,1678235802412,false
7156385,0.1894000,480,16865032,16865032,1678235803272,true
7156386,0.1894000,1304,16865033,16865035,1678235803509,true
7156387,0.1894000,28,16865036,16865036,1678235804227,false
7156388,0.1893000,672,16865037,16865039,1678235808256,true
7156389,0.1892000,3076,16865040,16865046,1678235808256,true
7156390,0.1893000,2449,16865047,16865051,1678235808393,false
7156391,0.1893000,105,16865052,16865052,1678235809948,false
7156392,0.1892000,73,16865053,16865053,1678235811103,true
7156393,0.1893000,1600,16865054,16865056,1678235813416,false
7156394,0.1893000,1021,16865057,16865058,1678235814273,false
7156395,0.1893000,944,16865059,16865062,1678235814375,false
7156396,0.1893000,1790,16865063,16865066,1678235822962,true
7156397,0.1892000,598,16865067,16865067,1678235823497,true
7156398,0.1892000,1185,16865068,16865069,1678235835957,true
7156399,0.1891000,5907,16865070,16865076,1678235835957,true
7156400,0.1890000,6062,16865077,16865086,1678235836400,true
7156401,0.1889000,7095,16865087,16865093,1678235836400,true
7156402,0.1890000,2777,16865094,16865095,1678235836433,false
7156403,0.1890000,3243,16865096,16865097,1678235836541,true
7156404,0.1889000,2037,16865098,16865099,1678235836542,true
7156405,0.1890000,785,16865100,16865101,1678235836571,false
7156406,0.1890000,282,16865102,16865102,1678235836893,true
7156407,0.1890000,2526,16865103,16865105,1678235838080,true
7156408,0.1889000,2687,16865106,16865107,1678235838080,true
7156409,0.1890000,119,16865108,16865108,1678235844318,false
7156410,0.1890000,1863,16865109,16865114,1678235845496,false
7156411,0.1891000,5124,16865115,16865121,1678235848845,false
7156412,0.1891000,3606,16865122,16865126,1678235859816,true
7156413,0.1891000,1085,16865127,16865128,1678235865524,false
7156414,0.1891000,305,16865129,16865129,1678235887934,false
7156415,0.1891000,118,16865130,16865131,1678235888295,false
7156416,0.1890000,303,16865132,16865132,1678235895942,true
7156417,0.1890000,3696,16865133,16865135,1678235906194,true
7156418,0.1890000,65,16865136,16865136,1678235908339,false
7156419,0.1890000,1306,16865137,16865139,1678235910515,false
7156420,0.1890000,33,16865140,16865140,1678235918313,false
7156421,0.1890000,1040,16865141,16865141,1678235918445,false
7156422,0.1890000,2624,16865142,16865144,1678235919678,true
7156423,0.1890000,355,16865145,16865145,1678235927046,true
7156424,0.1890000,310,16865146,16865146,1678235928115,true
7156425,0.1890000,278,16865147,16865147,1678235959447,true
7156426,0.1890000,938,16865148,16865149,1678235976105,true
7156427,0.1891000,56,16865150,16865150,1678235982725,false
7156428,0.1890000,271,16865151,16865151,1678235987402,true
7156429,0.1891000,425,16865152,16865152,1678235987556,false
7156430,0.1891000,56,16865153,16865153,1678235990934,false
7156431,0.1891000,56,16865154,16865154,1678236000057,false
7156432,0.1890000,1518,16865155,16865157,1678236003722,true
7156433,0.1891000,318,16865158,16865158,1678236004436,false
7156434,0.1890000,675,16865159,16865159,1678236004439,true
7156435,0.1890000,560,16865160,16865160,1678236007821,true
7156436,0.1890000,434,16865161,16865161,1678236011690,true
7156437,0.1891000,56,16865162,16865162,1678236012336,false
7156438,0.1891000,56,16865163,16865163,1678236021074,false
7156439,0.1891000,538,16865164,16865164,1678236021780,false
7156440,0.1891000,610,16865165,16865168,1678236022972,false
7156441,0.1891000,56,16865169,16865169,1678236030183,false
7156442,0.1891000,144,16865170,16865170,1678236030306,false
7156443,0.1891000,6459,16865171,16865180,1678236036284,false
7156444,0.1892000,570,16865181,16865183,1678236036366,false
7156445,0.1893000,56,16865184,16865184,1678236041372,false
7156446,0.1892000,583,16865185,16865186,1678236043506,true
7156447,0.1892000,3861,16865187,16865190,1678236045204,true
7156448,0.1892000,5877,16865191,16865193,1678236065438,true
7156449,0.1890000,310,16865194,16865195,1678236071722,true
7156450,0.1890000,270,16865196,16865196,1678236073487,true
7156451,0.1890000,271,16865197,16865197,1678236080467,true
7156452,0.1891000,1586,16865198,16865200,1678236086397,false
7156453,0.1892000,278,16865201,16865201,1678236090684,false
7156454,0.1891000,422,16865202,16865202,1678236096266,true
7156455,0.1892000,2595,16865203,16865206,1678236096347,false
7156456,0.1893000,149,16865207,16865207,1678236096401,false
7156457,0.1893000,2222,16865208,16865210,1678236133358,false
7156458,0.1894000,7078,16865211,16865214,1678236140651,false
7156459,0.1894000,4945,16865215,16865221,1678236142527,true
7156460,0.1894000,726,16865222,16865222,1678236142635,true
7156461,0.1895000,264,16865223,16865223,1678236143670,false
7156462,0.1894000,2344,16865224,16865227,1678236143679,true
7156463,0.1894000,276,16865228,16865229,1678236144670,true
7156464,0.1894000,273,16865230,16865230,1678236147944,true
7156465,0.1893000,252,16865231,16865231,1678236188464,true
7156466,0.1893000,279,16865232,16865232,1678236208241,true
7156467,0.1894000,775,16865233,16865234,1678236208570,false
7156468,0.1894000,272,16865235,16865235,1678236212972,true
7156469,0.1894000,8686,16865236,16865245,1678236215175,true
7156470,0.1894000,188,16865246,16865246,1678236215311,true
7156471,0.1894000,4506,16865247,16865249,1678236215504,true
7156472,0.1893000,3058,16865250,16865252,1678236225268,false
7156473,0.1892000,270,16865253,16865254,1678236249565,true
7156474,0.1892000,274,16865255,16865255,1678236270081,true
7156475,0.1893000,414,16865256,16865257,1678236275724,false
7156476,0.1894000,13803,16865258,16865267,1678236275724,false
7156477,0.1894000,270,16865268,16865268,1678236280313,true
7156478,0.1895000,3249,16865269,16865274,1678236300065,false
7156479,0.1894000,614,16865275,16865275,1678236302261,true
7156480,0.1894000,663,16865276,16865277,1678236302922,true
7156481,0.1894000,1727,16865278,16865281,1678236304049,true
7156482,0.1893000,166,16865282,16865282,1678236304056,true
7156483,0.1893000,790,16865283,16865284,1678236308264,true
7156484,0.1893000,2107,16865285,16865285,1678236314467,true
7156485,0.1892000,890,16865286,16865288,1678236352023,true
7156486,0.1891000,264,16865289,16865290,1678236366275,true
7156487,0.1890000,311,16865291,16865293,1678236372817,true
7156488,0.1890000,272,16865294,16865296,1678236397275,true
7156489,0.1890000,254,16865297,16865297,1678236398157,true
7156490,0.1889000,72,16865298,16865298,1678236410230,true
7156491,0.1889000,66,16865299,16865299,1678236417429,true
7156492,0.1890000,1698,16865300,16865303,1678236423478,false
7156493,0.1890000,2466,16865304,16865307,1678236423598,false
7156494,0.1890000,2616,16865308,16865308,1678236425670,true
7156495,0.1890000,66,16865309,16865309,1678236427618,true
7156496,0.1890000,48,16865310,16865310,1678236428712,true
7156497,0.1890000,66,16865311,16865311,1678236436745,true
7156498,0.1890000,2206,16865312,16865315,1678236436928,true
7156499,0.1890000,19,16865316,16865316,1678236441491,true
7156500,0.1890000,678,16865317,16865318,1678236442701,true
7156501,0.1889000,66,16865319,16865319,1678236446946,true
7156502,0.1889000,3816,16865320,16865324,1678236449504,true
7156503,0.1889000,63,16865325,16865325,1678236449867,false
7156504,0.1888000,66,16865326,16865326,1678236460150,true
7156505,0.1888000,280,16865327,16865331,1678236465492,true
7156506,0.1888000,244,16865332,16865332,1678236467082,true
7156507,0.1889000,78,16865333,16865333,1678236467859,false
7156508,0.1889000,66,16865334,16865334,1678236470494,true
7156509,0.1890000,64,16865335,16865335,1678236490354,false
7156510,0.1890000,64,16865336,16865336,1678236503624,false
7156511,0.1890000,68,16865337,16865337,1678236506338,false
7156512,0.1889000,4923,16865338,16865343,1678236510896,true
7156513,0.1888000,396,16865344,16865344,1678236510896,true
7156514,0.1889000,64,16865345,16865345,1678236514489,false
7156515,0.1890000,64,16865346,16865346,1678236515750,false
7156516,0.1889000,312,16865347,16865348,1678236516843,true
7156517,0.1889000,64,16865349,16865349,1678236521663,false
7156518,0.1889000,64,16865350,16865350,1678236522925,false
7156519,0.1889000,64,16865351,16865351,1678236535973,false
7156520,0.1889000,64,16865352,16865352,1678236536172,false
7156521,0.1888000,5062,16865353,16865358,1678236544023,true
7156522,0.1888000,64,16865359,16865359,1678236545354,false
7156523,0.1888000,64,16865360,16865360,1678236546186,false
7156524,0.1888000,2208,16865361,16865363,1678236555067,false
7156525,0.1888000,64,16865364,16865364,1678236555546,false
7156526,0.1888000,64,16865365,16865365,1678236556385,false
7156527,0.1888000,64,16865366,16865366,1678236569555,false
7156528,0.1888000,558,16865367,16865368,1678236572659,false
7156529,0.1889000,244,16865369,16865369,1678236573610,false
7156530,0.1888000,272,16865370,16865370,1678236573845,true
7156531,0.1889000,91,16865371,16865371,1678236574728,false
7156532,0.1888000,1058,16865372,16865374,1678236580101,true
7156533,0.1889000,85,16865375,16865375,1678236582920,false
7156534,0.1889000,82,16865376,16865376,1678236595619,false
7156535,0.1889000,85,16865377,16865377,1678236597054,false
7156536,0.1889000,41,16865378,16865378,1678236597995,false
7156537,0.1889000,81,16865379,16865380,1678236603667,false
7156538,0.1888000,580,16865381,16865382,1678236603888,true
7156539,0.1889000,85,16865383,16865383,1678236607243,false
7156540,0.1889000,80,16865384,16865384,1678236608817,false
7156541,0.1889000,80,16865385,16865385,1678236616896,false
7156542,0.1889000,85,16865386,16865386,1678236617413,false
7156543,0.1889000,80,16865387,16865387,1678236622003,false
7156544,0.1889000,80,16865388,16865388,1678236627103,false
7156545,0.1889000,85,16865389,16865389,1678236627557,false
7156546,0.1889000,80,16865390,16865390,1678236634183,false
7156547,0.1888000,105,16865391,16865391,1678236638561,true
7156548,0.1889000,85,16865392,16865392,1678236640726,false
7156549,0.1888000,41,16865393,16865393,1678236640899,true
7156550,0.1889000,80,16865394,16865394,1678236641256,false
7156551,0.1889000,93,16865395,16865395,1678236642605,false
7156552,0.1889000,80,16865396,16865396,1678236648319,false
7156553,0.1889000,6026,16865397,16865401,1678236649111,false
7156554,0.1889000,80,16865402,16865402,1678236649399,false
7156555,0.1889000,89,16865403,16865403,1678236653800,false
7156556,0.1889000,344,16865404,16865405,1678236654421,false
7156557,0.1889000,80,16865406,16865406,1678236660443,false
7156558,0.1888000,313,16865407,16865407,1678236661305,true
7156559,0.1889000,283,16865408,16865408,1678236661315,false
7156560,0.1889000,80,16865409,16865409,1678236661527,false
7156561,0.1888000,75,16865410,16865410,1678236661655,true
7156562,0.1889000,216,16865411,16865411,1678236663669,false
7156563,0.1890000,3392,16865412,16865416,1678236663680,false
7156564,0.1890000,28,16865417,16865417,1678236663846,false
7156565,0.1891000,89,16865418,16865418,1678236664919,false
7156566,0.1890000,7298,16865419,16865425,1678236665716,true
7156567,0.1890000,80,16865426,16865426,1678236668838,false
7156568,0.1890000,80,16865427,16865427,1678236672697,false
7156569,0.1890000,89,16865428,16865428,1678236674210,false
7156570,0.1890000,89,16865429,16865429,1678236686369,false
7156571,0.1890000,5057,16865430,16865433,1678236694357,false
7156572,0.1891000,14201,16865434,16865444,1678236694357,false
7156573,0.1892000,89,16865445,16865445,1678236700506,false
7156574,0.1892000,89,16865446,16865446,1678236710625,false
7156575,0.1891000,276,16865447,16865447,1678236713689,true
7156576,0.1891000,4186,16865448,16865452,1678236716906,true
7156577,0.1890000,278,16865453,16865453,1678236718207,true
7156578,0.1889000,275,16865454,16865454,1678236720804,true
7156579,0.1889000,448,16865455,16865456,1678236722697,true
7156580,0.1888000,488,16865457,16865458,1678236722702,true
7156581,0.1888000,272,16865459,16865459,1678236723237,true
7156582,0.1888000,1343,16865460,16865461,1678236723522,true
7156583,0.1889000,374,16865462,16865462,1678236745011,false
7156584,0.1888000,794,16865463,16865465,1678236745726,true
7156585,0.1889000,48,16865466,16865466,1678236751439,false
7156586,0.1888000,272,16865467,16865467,1678236752382,true
7156587,0.1889000,6439,16865468,16865477,1678236761271,false
7156588,0.1890000,1398,16865478,16865480,1678236777863,false
7156589,0.1890000,221,16865481,16865481,1678236801309,true
7156590,0.1890000,445,16865482,16865482,1678236802236,true
7156591,0.1890000,313,16865483,16865483,1678236816216,true
7156592,0.1890000,1737,16865484,16865485,1678236819602,true
7156593,0.1890000,277,16865486,16865486,1678236828940,true
7156594,0.1890000,1859,16865487,16865490,1678236843545,true
7156595,0.1890000,75,16865491,16865491,1678236867780,false
7156596,0.1890000,529,16865492,16865493,1678236871911,false
7156597,0.1889000,280,16865494,16865494,1678236873871,true
7156598,0.1889000,1249,16865495,16865496,1678236875318,true
7156599,0.1889000,52,16865497,16865497,1678236882775,false
7156600,0.1889000,57,16865498,16865498,1678236890243,false
7156601,0.1890000,536,16865499,16865499,1678236904028,false
7156602,0.1890000,63,16865500,16865500,1678236906641,false
7156603,0.1889000,274,16865501,16865501,1678236915310,true
7156604,0.1890000,63,16865502,16865502,1678236915788,false
7156605,0.1890000,38,16865503,16865503,1678236919338,false
7156606,0.1890000,841,16865504,16865505,1678236922144,false
7156607,0.1890000,643,16865506,16865506,1678236922616,false
7156608,0.1890000,57,16865507,16865507,1678236924275,false
7156609,0.1890000,4064,16865508,16865511,1678236924581,false
7156610,0.1891000,1154,16865512,16865512,1678236924581,false
7156611,0.1891000,63,16865513,16865513,1678236924962,false
7156612,0.1891000,52,16865514,16865514,1678236926737,false
7156613,0.1891000,38,16865515,16865515,1678236927529,false
7156614,0.1891000,83,16865516,16865516,1678236930301,false
7156615,0.1891000,200,16865517,16865517,1678236931112,false
7156616,0.1891000,63,16865518,16865518,1678236933134,false
7156617,0.1891000,1586,16865519,16865520,1678236933936,false
7156618,0.1892000,52,16865521,16865521,1678236935888,false
7156619,0.1892000,38,16865522,16865522,1678236940655,false
7156620,0.1892000,63,16865523,16865525,1678236942381,false
7156621,0.1892000,52,16865526,16865526,1678236949098,false
7156622,0.1892000,38,16865527,16865527,1678236953811,false
7156623,0.1892000,63,16865528,16865528,1678236956562,false
7156624,0.1892000,314,16865529,16865529,1678236960944,true
7156625,0.1893000,52,16865530,16865530,1678236963278,false
7156626,0.1893000,729,16865531,16865531,1678236966042,false
7156627,0.1893000,63,16865532,16865532,1678236966736,false
7156628,0.1893000,38,16865533,16865534,1678236967940,false
7156629,0.1893000,52,16865535,16865535,1678236971422,false
7156630,0.1892000,283,16865536,16865536,1678236976211,true
7156631,0.1893000,38,16865537,16865537,1678236978047,false
7156632,0.1893000,52,16865538,16865538,1678236985610,false
7156633,0.1893000,38,16865539,16865539,1678236987157,false
7156634,0.1893000,52,16865540,16865540,1678236993365,false
7156635,0.1893000,4385,16865541,16865542,1678237031271,false
7156636,0.1894000,2798,16865543,16865545,1678237031313,false
7156637,0.1894000,1008,16865546,16865546,1678237031925,false
7156638,0.1895000,544,16865547,16865549,1678237034663,false
7156639,0.1894000,1883,16865550,16865556,1678237046678,true
7156640,0.1895000,1469,16865557,16865557,1678237048387,false
7156641,0.1895000,301,16865558,16865558,1678237048661,false
7156642,0.1894000,4973,16865559,16865561,1678237052683,true
7156643,0.1894000,353,16865562,16865562,1678237052874,true
7156644,0.1894000,331,16865563,16865563,1678237082743,true
7156645,0.1895000,82,16865564,16865564,1678237083836,false
7156646,0.1895000,526,16865565,16865565,1678237084553,false
7156647,0.1894000,270,16865566,16865566,1678237086588,true
7156648,0.1895000,3197,16865567,16865570,1678237088575,false
7156649,0.1896000,225,16865571,16865571,1678237088575,false
7156650,0.1895000,274,16865572,16865572,1678237091350,true
7156651,0.1896000,80,16865573,16865573,1678237094980,false
7156652,0.1896000,80,16865574,16865575,1678237102091,false
7156653,0.1896000,61,16865576,16865577,1678237103136,false
7156654,0.1896000,140,16865578,16865579,1678237114204,false
7156655,0.1896000,42,16865580,16865580,1678237114626,false
7156656,0.1896000,80,16865581,16865581,1678237121370,false
7156657,0.1896000,65,16865582,16865582,1678237125715,false
7156658,0.1896000,71,16865583,16865583,1678237126487,false
7156659,0.1896000,42,16865584,16865584,1678237126861,false
7156660,0.1896000,60,16865585,16865585,1678237128414,false
7156661,0.1896000,80,16865586,16865586,1678237135546,false
7156662,0.1896000,61,16865587,16865587,1678237136934,false
7156663,0.1896000,60,16865588,16865588,1678237139589,false
7156664,0.1896000,42,16865589,16865589,1678237141014,false
7156665,0.1896000,80,16865590,16865590,1678237142751,false
7156666,0.1896000,61,16865591,16865591,1678237146075,false
7156667,0.1896000,60,16865592,16865592,1678237150754,false
7156668,0.1895000,72,16865593,16865593,1678237150760,true
7156669,0.1896000,42,16865594,16865595,1678237152119,false
7156670,0.1896000,656,16865596,16865597,1678237156284,false
7156671,0.1897000,61,16865598,16865598,1678237158291,false
7156672,0.1897000,38,16865599,16865599,1678237160707,false
7156673,0.1897000,60,16865600,16865601,1678237164985,false
7156674,0.1897000,42,16865602,16865602,1678237166329,false
7156675,0.1897000,61,16865603,16865603,1678237170479,false
7156676,0.1896000,275,16865604,16865604,1678237171017,true
7156677,0.1897000,60,16865605,16865605,1678237172211,false
7156678,0.1897000,42,16865606,16865606,1678237174506,false
7156679,0.1897000,61,16865607,16865607,1678237182633,false
7156680,0.1897000,42,16865608,16865608,1678237187695,false
7156681,0.1897000,61,16865609,16865609,1678237193769,false
7156682,0.1896000,577,16865610,16865611,1678237202779,true
7156683,0.1897000,913,16865612,16865612,1678237203187,false
7156684,0.1896000,626,16865613,16865614,1678237203649,true
7156685,0.1896000,699,16865615,16865615,1678237204446,true
7156686,0.1896000,541,16865616,16865616,1678237207303,true
7156687,0.1896000,727,16865617,16865617,1678237213302,true
7156688,0.1896000,811,16865618,16865620,1678237217050,true
7156689,0.1896000,701,16865621,16865622,1678237220336,true
7156690,0.1896000,271,16865623,16865623,1678237221659,true
7156691,0.1897000,155,16865624,16865624,1678237222049,false
7156692,0.1896000,143,16865625,16865625,1678237224635,true
7156693,0.1896000,409,16865626,16865626,1678237230776,true
7156694,0.1896000,1382,16865627,16865628,1678237234623,true
7156695,0.1896000,661,16865629,16865630,1678237238341,true
7156696,0.1896000,685,16865631,16865631,1678237238518,true
7156697,0.1896000,6590,16865632,16865634,1678237240244,true
7156698,0.1896000,1223,16865635,16865636,1678237249948,false
7156699,0.1896000,254,16865637,16865637,1678237265991,false
7156700,0.1895000,275,16865638,16865638,1678237267603,true
7156701,0.1895000,230,16865639,16865640,1678237267772,true
7156702,0.1896000,110,16865641,16865641,1678237272861,false
7156703,0.1895000,270,16865642,16865642,1678237276242,true
7156704,0.1896000,254,16865643,16865643,1678237277140,false
7156705,0.1896000,120,16865644,16865645,1678237281107,false
7156706,0.1896000,105,16865646,16865646,1678237283045,false
7156707,0.1896000,254,16865647,16865647,1678237291330,false
7156708,0.1896000,114,16865648,16865648,1678237293305,false
7156709,0.1896000,105,16865649,16865649,1678237295264,false
7156710,0.1896000,8166,16865650,16865653,1678237297158,false
7156711,0.1895000,278,16865654,16865654,1678237297304,true
7156712,0.1896000,1446,16865655,16865655,1678237297724,false
7156713,0.1897000,114,16865656,16865656,1678237301562,false
7156714,0.1897000,254,16865657,16865657,1678237302507,false
7156715,0.1897000,105,16865658,16865658,1678237305438,false
7156716,0.1897000,368,16865659,16865660,1678237309667,false
7156717,0.1897000,105,16865661,16865661,1678237317268,false
7156718,0.1897000,1823,16865662,16865662,1678237318172,false
7156719,0.1897000,254,16865663,16865663,1678237319866,false
7156720,0.1897000,114,16865664,16865664,1678237321817,false
7156721,0.1897000,105,16865665,16865665,1678237328447,false
7156722,0.1897000,4970,16865666,16865671,1678237330346,false
7156723,0.1897000,114,16865672,16865672,1678237331004,false
7156724,0.1897000,254,16865673,16865673,1678237331133,false
7156725,0.1897000,105,16865674,16865674,1678237337688,false
7156726,0.1896000,270,16865675,16865675,1678237342947,true
7156727,0.1897000,114,16865676,16865676,1678237343164,false
7156728,0.1896000,4314,16865677,16865680,1678237353481,true
7156729,0.1895000,5550,16865681,16865682,1678237353870,true
7156730,0.1895000,7943,16865683,16865686,1678237362298,true
7156731,0.1894000,7062,16865687,16865689,1678237367217,true
7156732,0.1893000,7037,16865690,16865693,1678237367241,true
7156733,0.1892000,5017,16865694,16865698,1678237367289,true
7156734,0.1892000,2579,16865699,16865701,1678237367410,false
7156735,0.1892000,3850,16865702,16865706,1678237372866,false
7156736,0.1892000,289,16865707,16865707,1678237403255,true
7156737,0.1892000,277,16865708,16865708,1678237403491,true
7156738,0.1892000,1526,16865709,16865712,1678237417285,true
7156739,0.1892000,69,16865713,16865713,1678237422287,false
7156740,0.1891000,275,16865714,16865714,1678237428115,true
7156741,0.1892000,63,16865715,16865715,1678237429481,false
7156742,0.1892000,27,16865716,16865716,1678237441312,false
7156743,0.1891000,529,16865717,16865719,1678237442159,true
7156744,0.1892000,63,16865720,16865720,1678237442619,false
7156745,0.1892000,63,16865721,16865721,1678237454897,false
7156746,0.1892000,67,16865722,16865722,1678237459467,false
7156747,0.1892000,63,16865723,16865723,1678237462018,false
7156748,0.1891000,271,16865724,16865724,1678237471055,true
7156749,0.1892000,67,16865725,16865725,1678237471644,false
7156750,0.1892000,63,16865726,16865726,1678237474282,false
7156751,0.1891000,36,16865727,16865727,1678237476057,true
7156752,0.1891000,71,16865728,16865728,1678237478758,true
7156753,0.1892000,63,16865729,16865729,1678237483487,false
7156754,0.1892000,67,16865730,16865730,1678237483817,false
7156755,0.1891000,283,16865731,16865731,1678237484068,true
7156756,0.1892000,256,16865732,16865733,1678237484434,false
7156757,0.1891000,1057,16865734,16865735,1678237486324,true
7156758,0.1892000,67,16865736,16865736,1678237495960,false
7156759,0.1891000,7144,16865737,16865740,1678237506703,true
7156760,0.1890000,896,16865741,16865744,1678237506790,true
7156761,0.1890000,67,16865745,16865745,1678237507255,false
7156762,0.1890000,4431,16865746,16865750,1678237507818,false
7156763,0.1890000,89,16865751,16865751,1678237508295,false
7156764,0.1889000,557,16865752,16865752,1678237510763,true
7156765,0.1890000,67,16865753,16865753,1678237518571,false
7156766,0.1890000,249,16865754,16865754,1678237524282,false
7156767,0.1890000,360,16865755,16865756,1678237528378,false
7156768,0.1890000,335,16865757,16865757,1678237530399,false
7156769,0.1890000,67,16865758,16865759,1678237530763,false
7156770,0.1890000,2739,16865760,16865760,1678237533116,false
7156771,0.1891000,184,16865761,16865761,1678237538228,false
7156772,0.1890000,275,16865762,16865762,1678237541919,true
7156773,0.1890000,374,16865763,16865764,1678237549584,true
7156774,0.1889000,404,16865765,16865765,1678237550290,false
7156775,0.1889000,155,16865766,16865766,1678237550393,false
7156776,0.1890000,564,16865767,16865768,1678237562889,false
7156777,0.1890000,86,16865769,16865769,1678237568273,false
7156778,0.1889000,275,16865770,16865770,1678237595427,true
7156779,0.1889000,271,16865771,16865771,1678237596817,true
7156780,0.1889000,2589,16865772,16865777,1678237597135,true
7156781,0.1889000,64,16865778,16865778,1678237598304,false
7156782,0.1888000,275,16865779,16865782,1678237608686,true
7156783,0.1887000,408,16865783,16865785,1678237614089,true
7156784,0.1888000,151,16865786,16865786,1678237614233,false
7156785,0.1888000,150,16865787,16865787,1678237618278,false
7156786,0.1888000,151,16865788,16865788,1678237620307,false
7156787,0.1888000,87,16865789,16865789,1678237628232,false
7156788,0.1888000,69,16865790,16865790,1678237630063,false
7156789,0.1887000,2973,16865791,16865796,1678237638729,true
7156790,0.1886000,10070,16865797,16865807,1678237640106,true
7156791,0.1885000,4637,16865808,16865819,1678237640106,true
7156792,0.1886000,4601,16865820,16865824,1678237640161,false
7156793,0.1887000,2115,16865825,16865828,1678237640263,false
7156794,0.1888000,64,16865829,16865829,1678237641238,false
7156795,0.1887000,65,16865830,16865830,1678237644234,true
7156796,0.1887000,37,16865831,16865831,1678237644776,true
7156797,0.1888000,64,16865832,16865832,1678237650372,false
7156798,0.1887000,1147,16865833,16865835,1678237659977,true
7156799,0.1887000,64,16865836,16865836,1678237661535,false
7156800,0.1887000,50,16865837,16865837,1678237662238,false
7156801,0.1887000,72,16865838,16865838,1678237674298,false
7156802,0.1887000,64,16865839,16865839,1678237675723,false
7156803,0.1887000,72,16865840,16865840,1678237678236,false
7156804,0.1887000,72,16865841,16865841,1678237680361,false
7156805,0.1886000,100,16865842,16865842,1678237686184,true
7156806,0.1886000,272,16865843,16865843,1678237687423,true
7156807,0.1887000,802,16865844,16865846,1678237688294,false
7156808,0.1888000,1821,16865847,16865847,1678237688446,false
7156809,0.1888000,64,16865848,16865849,1678237689066,false
7156810,0.1888000,2265,16865850,16865851,1678237695072,false
7156811,0.1888000,3721,16865852,16865854,1678237695495,true
7156812,0.1888000,64,16865855,16865855,1678237702286,false
7156813,0.1888000,1767,16865856,16865858,1678237707259,false
7156814,0.1888000,2671,16865859,16865862,1678237717751,true
7156815,0.1887000,272,16865863,16865863,1678237721848,true
7156816,0.1887000,189,16865864,16865864,1678237724699,false
7156817,0.1888000,6892,16865865,16865869,1678237739771,false
7156818,0.1887000,285,16865870,16865870,1678237742370,true
7156819,0.1887000,827,16865871,16865872,1678237742810,true
7156820,0.1887000,1175,16865873,16865875,1678237744216,true
7156821,0.1887000,60,16865876,16865876,1678237748262,false
7156822,0.1886000,2869,16865877,16865878,1678237752724,true
7156823,0.1886000,3988,16865879,16865883,1678237753080,true
7156824,0.1886000,2825,16865884,16865887,1678237759765,false
7156825,0.1886000,277,16865888,16865888,1678237771217,true
7156826,0.1886000,2595,16865889,16865895,1678237771629,true
7156827,0.1886000,79,16865896,16865896,1678237778314,false
7156828,0.1885000,278,16865897,16865898,1678237779025,true
7156829,0.1886000,67,16865899,16865899,1678237782241,false
7156830,0.1885000,2599,16865900,16865901,1678237783535,true
7156831,0.1884000,9897,16865902,16865910,1678237783535,true
7156832,0.1883000,801,16865911,16865915,1678237783535,true
7156833,0.1884000,520,16865916,16865916,1678237783694,false
7156834,0.1884000,999,16865917,16865918,1678237785244,true
7156835,0.1885000,1634,16865919,16865921,1678237785489,false
7156836,0.1886000,66,16865922,16865923,1678237790240,false
7156837,0.1886000,528,16865924,16865924,1678237791355,false
7156838,0.1887000,2404,16865925,16865926,1678237791385,false
7156839,0.1886000,705,16865927,16865928,1678237804388,true
7156840,0.1886000,1657,16865929,16865931,1678237811610,true
7156841,0.1885000,1293,16865932,16865932,1678237820082,true
7156842,0.1885000,74,16865933,16865933,1678237820251,false
7156843,0.1885000,5655,16865934,16865940,1678237824307,false
7156844,0.1885000,6527,16865941,16865945,1678237824950,true
7156845,0.1884000,12397,16865946,16865954,1678237824950,true
7156846,0.1883000,1698,16865955,16865955,1678237824950,true
7156847,0.1884000,2254,16865956,16865957,1678237824993,true
7156848,0.1883000,6285,16865958,16865960,1678237826076,true
7156849,0.1884000,1238,16865961,16865963,1678237828246,false
7156850,0.1884000,54,16865964,16865964,1678237829057,false
7156851,0.1884000,1238,16865965,16865965,1678237830370,false
7156852,0.1884000,883,16865966,16865967,1678237830586,false
7156853,0.1883000,272,16865968,16865968,1678237830701,true
7156854,0.1884000,20884,16865969,16865974,1678237831614,false
7156855,0.1884000,60,16865975,16865975,1678237832070,true
7156856,0.1885000,711,16865976,16865977,1678237834271,false
7156857,0.1885000,1083,16865978,16865979,1678237838357,false
7156858,0.1885000,48,16865980,16865980,1678237840275,false
7156859,0.1885000,1084,16865981,16865981,1678237842250,false
7156860,0.1885000,406,16865982,16865982,1678237846293,false
7156861,0.1884000,273,16865983,16865983,1678237847047,true
7156862,0.1885000,1035,16865984,16865985,1678237848291,false
7156863,0.1886000,923,16865986,16865987,1678237850277,false
7156864,0.1886000,48,16865988,16865988,1678237851503,false
7156865,0.1885000,3306,16865989,16865993,1678237860810,true
7156866,0.1885000,197,16865994,16865994,1678237860818,false
7156867,0.1884000,61,16865995,16865995,1678237861004,true
7156868,0.1884000,276,16865996,16865997,1678237862883,true
7156869,0.1884000,532,16865998,16865998,1678237863267,true
7156870,0.1884000,279,16865999,16865999,1678237866231,true
7156871,0.1885000,48,16866000,16866000,1678237866263,false
7156872,0.1885000,5164,16866001,16866005,1678237867948,false
7156873,0.1885000,48,16866006,16866006,1678237874440,false
7156874,0.1885000,67,16866007,16866007,1678237880311,false
7156875,0.1885000,48,16866008,16866008,1678237888564,false
7156876,0.1885000,48,16866009,16866009,1678237896808,false
7156877,0.1885000,1200,16866010,16866011,1678237900720,false
7156878,0.1884000,1000,16866012,16866013,1678237906840,true
7156879,0.1884000,3167,16866014,16866016,1678237911158,true
7156880,0.1883000,6789,16866017,16866019,1678237911158,true
7156881,0.1884000,666,16866020,16866020,1678237911317,false
7156882,0.1884000,67,16866021,16866021,1678237914253,false
7156883,0.1884000,67,16866022,16866022,1678237924319,false
7156884,0.1884000,68,16866023,16866023,1678237928292,false
7156885,0.1884000,15654,16866024,16866032,1678237932073,false
7156886,0.1884000,701,16866033,16866033,1678237932231,false
7156887,0.1884000,7167,16866034,16866039,1678237933244,true
7156888,0.1884000,277,16866040,16866040,1678237934342,true
7156889,0.1884000,572,16866041,16866041,1678237935060,false
7156890,0.1884000,666,16866042,16866042,1678237936217,false
7156891,0.1884000,2055,16866043,16866044,1678237946723,true
7156892,0.1883000,8811,16866045,16866049,1678237946723,true
7156893,0.1882000,2399,16866050,16866057,1678237946724,true
7156894,0.1883000,281,16866058,16866058,1678237960475,true
7156895,0.1884000,41,16866059,16866059,1678237962240,false
7156896,0.1884000,773,16866060,16866063,1678237964766,false
7156897,0.1884000,1417,16866064,16866066,1678237982607,true
7156898,0.1884000,273,16866067,16866067,1678237983145,true
7156899,0.1884000,286,16866068,16866068,1678237991936,true
7156900,0.1884000,999,16866069,16866070,1678238025891,true
7156901,0.1884000,279,16866071,16866071,1678238046806,true
7156902,0.1884000,277,16866072,16866072,1678238054033,true
7156903,0.1884000,1677,16866073,16866074,1678238054689,true
7156904,0.1885000,1614,16866075,16866075,1678238061441,false
7156905,0.1885000,1224,16866076,16866079,1678238062862,false
7156906,0.1885000,22313,16866080,16866080,1678238064229,false
7156907,0.1886000,14892,16866081,16866092,1678238064237,false
7156908,0.1886000,4068,16866093,16866095,1678238069267,true
7156909,0.1886000,337,16866096,16866096,1678238069605,true
7156910,0.1887000,824,16866097,16866100,1678238072711,false
7156911,0.1887000,278,16866101,16866101,1678238072825,false
7156912,0.1887000,9478,16866102,16866106,1678238076899,true
7156913,0.1886000,5990,16866107,16866111,1678238089282,true
7156914,0.1886000,3591,16866112,16866114,1678238089428,true
7156915,0.1885000,3443,16866115,16866118,1678238104709,true
7156916,0.1884000,273,16866119,16866119,1678238109844,true
7156917,0.1884000,581,16866120,16866121,1678238111474,true
7156918,0.1884000,278,16866122,16866122,1678238111608,true
7156919,0.1884000,6222,16866123,16866129,1678238111798,true
7156920,0.1884000,666,16866130,16866132,1678238134115,false
7156921,0.1885000,1008,16866133,16866134,1678238163535,false
7156922,0.1884000,46,16866135,16866135,1678238163950,true
7156923,0.1884000,265,16866136,16866136,1678238164158,true
7156924,0.1885000,1655,16866137,16866137,1678238178585,false
7156925,0.1886000,215,16866138,16866138,1678238188075,false
7156926,0.1886000,1186,16866139,16866141,1678238189748,false
7156927,0.1887000,944,16866142,16866143,1678238190081,false
7156928,0.1887000,2163,16866144,16866145,1678238190090,true
7156929,0.1886000,4026,16866146,16866147,1678238190090,true
7156930,0.1888000,626,16866148,16866150,1678238192695,false
7156931,0.1890000,373,16866151,16866153,1678238195483,false
7156932,0.1890000,451,16866154,16866154,1678238195856,true
7156933,0.1891000,970,16866155,16866158,1678238196661,false
7156934,0.1891000,1063,16866159,16866161,1678238196977,false
7156935,0.1891000,5164,16866162,16866166,1678238211364,true
7156936,0.1891000,736,16866167,16866168,1678238223569,false
7156937,0.1890000,274,16866169,16866169,1678238225094,true
7156938,0.1890000,277,16866170,16866171,1678238227263,true
7156939,0.1890000,274,16866172,16866172,1678238237302,true
7156940,0.1890000,3742,16866173,16866178,1678238238545,true
7156941,0.1890000,1704,16866179,16866179,1678238245926,false
7156942,0.1889000,287,16866180,16866180,1678238252693,true
7156943,0.1890000,666,16866181,16866181,1678238261367,false
7156944,0.1890000,2807,16866182,16866186,1678238267755,true
7156945,0.1890000,320,16866187,16866187,1678238268597,true
7156946,0.1890000,581,16866188,16866188,1678238270809,true
7156947,0.1889000,248,16866189,16866189,1678238271391,false
7156948,0.1889000,323,16866190,16866190,1678238277674,false
7156949,0.1890000,4281,16866191,16866194,1678238277674,false
7156950,0.1891000,1088,16866195,16866196,1678238282638,false
7156951,0.1891000,590,16866197,16866197,1678238283619,false
7156952,0.1891000,777,16866198,16866198,1678238283938,false
7156953,0.1890000,278,16866199,16866199,1678238287400,true
7156954,0.1891000,65,16866200,16866200,1678238293812,false
7156955,0.1891000,3302,16866201,16866203,1678238296258,false
7156956,0.1892000,4393,16866204,16866207,1678238296452,false
7156957,0.1892000,65,16866208,16866208,1678238300177,false
7156958,0.1892000,93,16866209,16866209,1678238300849,false
7156959,0.1892000,87,16866210,16866210,1678238309030,false
7156960,0.1892000,88,16866211,16866211,1678238316603,false
7156961,0.1892000,87,16866212,16866213,1678238317166,false
7156962,0.1892000,87,16866214,16866214,1678238324402,false
7156963,0.1892000,53,16866215,16866215,1678238327139,false
7156964,0.1892000,82,16866216,16866216,1678238330781,false
7156965,0.1892000,87,16866217,16866217,1678238331565,false
7156966,0.1892000,50,16866218,16866218,1678238336284,false
7156967,0.1892000,82,16866219,16866219,1678238343952,false
7156968,0.1892000,87,16866220,16866220,1678238344746,false
7156969,0.1892000,50,16866221,16866221,1678238346523,false
7156970,0.1892000,82,16866222,16866223,1678238356119,false
7156971,0.1892000,50,16866224,16866224,1678238356723,false
7156972,0.1892000,87,16866225,16866225,1678238358893,false
7156973,0.1892000,275,16866226,16866226,1678238363691,true
7156974,0.1893000,1708,16866227,16866228,1678238366331,false
7156975,0.1893000,50,16866229,16866229,1678238368958,false
7156976,0.1893000,142,16866230,16866231,1678238374441,false
7156977,0.1892000,274,16866232,16866232,1678238375740,true
7156978,0.1893000,50,16866233,16866233,1678238376229,false
7156979,0.1893000,90,16866234,16866234,1678238378080,false
7156980,0.1892000,4918,16866235,16866238,1678238380469,true
7156981,0.1891000,82,16866239,16866239,1678238382609,false
7156982,0.1891000,56,16866240,16866240,1678238383725,false
7156983,0.1891000,85,16866241,16866241,1678238385280,false
7156984,0.1892000,50,16866242,16866242,1678238387348,false
7156985,0.1891000,36,16866243,16866243,1678238389240,true
7156986,0.1891000,56,16866244,16866244,1678238391972,false
7156987,0.1890000,300,16866245,16866245,1678238393706,true
7156988,0.1891000,85,16866246,16866246,1678238398433,false
7156989,0.1891000,56,16866247,16866247,1678238404248,false
7156990,0.1892000,74,16866248,16866248,1678238405396,false
7156991,0.1892000,918,16866249,16866249,1678238407211,false
7156992,0.1892000,191,16866250,16866250,1678238407524,false
7156993,0.1892000,85,16866251,16866251,1678238409607,false
7156994,0.1893000,71,16866252,16866253,1678238413602,false
7156995,0.1893000,56,16866254,16866254,1678238414424,false
7156996,0.1892000,456,16866255,16866255,1678238414668,true
7156997,0.1893000,71,16866256,16866258,1678238420775,false
7156998,0.1893000,56,16866259,16866259,1678238423613,false
7156999,0.1893000,85,16866260,16866261,1678238423778,false
7157000,0.1892000,666,16866262,16866263,1678238429974,false
7157001,0.1891000,377,16866264,16866264,1678238430267,true
7157002,0.1892000,85,16866265,16866265,1678238431949,false
7157003,0.1891000,272,16866266,16866267,1678238432427,true
7157004,0.1892000,56,16866268,16866268,1678238437805,false
7157005,0.1892000,85,16866269,16866269,1678238439079,false
7157006,0.1892000,71,16866270,16866270,1678238440107,false
7157007,0.1891000,3260,16866271,16866275,1678238443417,true
7157008,0.1890000,3349,16866276,16866282,1678238443840,true
7157009,0.1889000,1587,16866283,16866284,1678238445163,true
7157010,0.1888000,280,16866285,16866287,1678238449172,true
7157011,0.1889000,71,16866288,16866288,1678238454291,false
7157012,0.1889000,192,16866289,16866289,1678238454524,false
7157013,0.1889000,316,16866290,16866290,1678238455544,false
7157014,0.1889000,2120,16866291,16866293,1678238458053,false
7157015,0.1890000,2674,16866294,16866295,1678238458521,false
7157016,0.1892000,108,16866296,16866296,1678238461491,false
7157017,0.1892000,54,16866297,16866297,1678238467673,false
7157018,0.1892000,71,16866298,16866298,1678238468432,false
7157019,0.1892000,105,16866299,16866299,1678238468776,false
7157020,0.1892000,1098,16866300,16866302,1678238476578,false
7157021,0.1893000,51,16866303,16866303,1678238476889,false
7157022,0.1893000,105,16866304,16866304,1678238479980,false
7157023,0.1893000,94,16866305,16866305,1678238482814,false
7157024,0.1893000,51,16866306,16866306,1678238484662,false
7157025,0.1893000,105,16866307,16866307,1678238488701,false
7157026,0.1892000,164,16866308,16866308,1678238490288,true
7157027,0.1892000,275,16866309,16866309,1678238490396,true
7157028,0.1893000,90,16866310,16866310,1678238493983,false
7157029,0.1892000,272,16866311,16866312,1678238494654,true
7157030,0.1893000,51,16866313,16866313,1678238498836,false
7157031,0.1893000,90,16866314,16866314,1678238501155,false
7157032,0.1892000,2666,16866315,16866317,1678238501799,true
7157033,0.1892000,105,16866318,16866318,1678238501854,false
7157034,0.1891000,288,16866319,16866319,1678238502698,true
7157035,0.1892000,105,16866320,16866320,1678238509621,false
7157036,0.1892000,51,16866321,16866321,1678238509957,false
7157037,0.1892000,90,16866322,16866322,1678238510331,false
7157038,0.1891000,280,16866323,16866323,1678238511083,true
7157039,0.1892000,90,16866324,16866324,1678238518499,false
7157040,0.1892000,105,16866325,16866325,1678238518814,false
7157041,0.1892000,51,16866326,16866326,1678238524068,false
7157042,0.1892000,90,16866327,16866328,1678238528750,false
7157043,0.1892000,51,16866329,16866329,1678238535238,false
7157044,0.1892000,90,16866330,16866330,1678238540864,false
7157045,0.1890000,266,16866331,16866331,1678238554761,true
7157046,0.1890000,2464,16866332,16866336,1678238574433,true
7157047,0.1889000,529,16866337,16866337,1678238578251,false
7157048,0.1888000,1318,16866338,16866341,1678238588057,true
7157049,0.1887000,447,16866342,16866344,1678238588895,true
7157050,0.1886000,65,16866345,16866346,1678238594199,true
7157051,0.1886000,60,16866347,16866348,1678238599061,true
7157052,0.1886000,73,16866349,16866349,1678238603516,true
7157053,0.1886000,233,16866350,16866350,1678238604287,true
7157054,0.1886000,3916,16866351,16866356,1678238611079,true
7157055,0.1885000,1248,16866357,16866358,1678238611079,true
7157056,0.1885000,279,16866359,16866360,1678238611354,true
7157057,0.1885000,69,16866361,16866361,1678238614685,true
7157058,0.1885000,275,16866362,16866362,1678238616271,true
7157059,0.1886000,2129,16866363,16866365,1678238619672,false
7157060,0.1886000,132,16866366,16866366,1678238619788,false
7157061,0.1886000,69,16866367,16866367,1678238621793,true
7157062,0.1886000,69,16866368,16866368,1678238634890,true
7157063,0.1886000,69,16866369,16866369,1678238643058,true
7157064,0.1887000,51,16866370,16866370,1678238650960,false
7157065,0.1886000,3546,16866371,16866376,1678238657166,true
7157066,0.1885000,271,16866377,16866377,1678238662660,true
7157067,0.1886000,51,16866378,16866378,1678238663115,false
7157068,0.1885000,69,16866379,16866379,1678238664265,true
7157069,0.1886000,286,16866380,16866380,1678238664814,false
7157070,0.1886000,51,16866381,16866381,1678238673305,false
7157071,0.1886000,3777,16866382,16866387,1678238674047,false
7157072,0.1887000,41,16866388,16866388,1678238676124,false
7157073,0.1888000,51,16866389,16866389,1678238683580,false
7157074,0.1888000,40,16866390,16866390,1678238685238,false
7157075,0.1888000,51,16866391,16866391,1678238691742,false
7157076,0.1887000,282,16866392,16866392,1678238691790,true
7157077,0.1888000,40,16866393,16866393,1678238695425,false
7157078,0.1888000,28,16866394,16866394,1678238698930,false
7157079,0.1889000,23,16866395,16866395,1678238698930,false
7157080,0.1889000,40,16866396,16866396,1678238703664,false
7157081,0.1889000,40,16866397,16866397,1678238711850,false
7157082,0.1889000,51,16866398,16866398,1678238712197,false
7157083,0.1889000,222,16866399,16866399,1678238712893,false
7157084,0.1889000,40,16866400,16866400,1678238726618,false
7157085,0.1889000,40,16866401,16866401,1678238734770,false
7157086,0.1888000,71,16866402,16866402,1678238742124,true
7157087,0.1888000,276,16866403,16866403,1678238743586,true
7157088,0.1889000,211,16866404,16866404,1678238745060,false
7157089,0.1888000,69,16866405,16866405,1678238756249,true
7157090,0.1888000,2644,16866406,16866410,1678238762386,true
7157091,0.1886000,69,16866411,16866411,1678238767419,true
7157092,0.1887000,1264,16866412,16866414,1678238768915,false
7157093,0.1887000,69,16866415,16866415,1678238779500,true
7157094,0.1887000,281,16866416,16866416,1678238787179,true
7157095,0.1887000,69,16866417,16866417,1678238792610,true
7157096,0.1887000,69,16866418,16866418,1678238803792,true
7157097,0.1887000,69,16866419,16866420,1678238812936,true
7157098,0.1887000,712,16866421,16866423,1678238822577,false
7157099,0.1888000,1203,16866424,16866425,1678238835273,false
7157100,0.1889000,7066,16866426,16866428,1678238839772,false
7157101,0.1890000,1816,16866429,16866432,1678238844501,false
7157102,0.1890000,692,16866433,16866434,1678238851788,false
7157103,0.1889000,2461,16866435,16866437,1678238852653,true
7157104,0.1889000,236,16866438,16866438,1678238864887,false
7157105,0.1888000,271,16866439,16866439,1678238870529,true
7157106,0.1888000,277,16866440,16866440,1678238870807,true
7157107,0.1888000,2129,16866441,16866445,1678238908162,true
7157108,0.1888000,3031,16866446,16866447,1678238922100,false
7157109,0.1887000,428,16866448,16866449,1678238922258,true
7157110,0.1887000,180,16866450,16866450,1678238930673,false
7157111,0.1886000,276,16866451,16866451,1678238931038,true
7157112,0.1886000,280,16866452,16866453,1678238931249,true
7157113,0.1886000,1693,16866454,16866456,1678238945406,false
7157114,0.1886000,281,16866457,16866457,1678238949912,true
7157115,0.1886000,281,16866458,16866459,1678238953054,true
7157116,0.1886000,3741,16866460,16866464,1678238957348,true
7157117,0.1886000,899,16866465,16866466,1678238997067,false
7157118,0.1886000,277,16866467,16866467,1678238997650,true
7157119,0.1887000,13420,16866468,16866473,1678238999405,false
7157120,0.1888000,28454,16866474,16866483,1678238999405,false
7157121,0.1889000,1943,16866484,16866485,1678238999405,false
7157122,0.1888000,309,16866486,16866486,1678238999420,false
7157123,0.1888000,666,16866487,16866487,1678238999440,true
7157124,0.1889000,5436,16866488,16866491,1678238999501,false
7157125,0.1888000,6454,16866492,16866499,1678239002698,true
7157126,0.1887000,1159,16866500,16866501,1678239003075,true
7157127,0.1887000,1240,16866502,16866505,1678239003283,true
7157128,0.1887000,1679,16866506,16866507,1678239003783,true
7157129,0.1886000,1380,16866508,16866511,1678239006649,true
7157130,0.1886000,1324,16866512,16866512,1678239008752,true
7157131,0.1886000,1193,16866513,16866517,1678239011794,true
7157132,0.1886000,564,16866518,16866519,1678239014774,true
7157133,0.1887000,5237,16866520,16866525,1678239020095,false
7157134,0.1887000,1184,16866526,16866526,1678239028005,false
7157135,0.1888000,935,16866527,16866527,1678239028005,false
7157136,0.1887000,846,16866528,16866529,1678239030452,true
7157137,0.1888000,3473,16866530,16866535,1678239034379,false
7157138,0.1888000,1115,16866536,16866536,1678239034572,false
7157139,0.1888000,1177,16866537,16866537,1678239034796,false
7157140,0.1888000,110,16866538,16866538,1678239037096,true
7157141,0.1888000,159,16866539,16866539,1678239037539,true
7157142,0.1888000,1784,16866540,16866542,1678239043396,true
7157143,0.1888000,329,16866543,16866543,1678239043576,true
7157144,0.1887000,108,16866544,16866544,1678239044338,true
7157145,0.1887000,155,16866545,16866545,1678239047717,true
7157146,0.1887000,108,16866546,16866546,1678239051449,true
7157147,0.1887000,155,16866547,16866547,1678239056878,true
7157148,0.1887000,71,16866548,16866548,1678239061349,true
7157149,0.1887000,108,16866549,16866549,1678239064558,true
7157150,0.1888000,58,16866550,16866550,1678239069444,false
7157151,0.1887000,155,16866551,16866551,1678239071043,true
7157152,0.1887000,65,16866552,16866552,1678239074524,true
7157153,0.1887000,108,16866553,16866553,1678239077730,true
7157154,0.1888000,54,16866554,16866554,1678239079647,false
7157155,0.1887000,155,16866555,16866555,1678239081153,true
7157156,0.1887000,65,16866556,16866556,1678239081634,true
7157157,0.1888000,54,16866557,16866557,1678239087819,false
7157158,0.1887000,108,16866558,16866558,1678239087885,true
7157159,0.1887000,65,16866559,16866559,1678239089805,true
7157160,0.1887000,155,16866560,16866561,1678239090279,true
7157161,0.1888000,3701,16866562,16866568,1678239093715,false
7157162,0.1889000,1059,16866569,16866569,1678239093735,false
7157163,0.1889000,2784,16866570,16866573,1678239094806,false
7157164,0.1889000,108,16866574,16866574,1678239096129,true
7157165,0.1889000,65,16866575,16866575,1678239098057,true
7157166,0.1890000,54,16866576,16866577,1678239099055,false
7157167,0.1889000,155,16866578,16866578,1678239099527,true
7157168,0.1889000,65,16866579,16866579,1678239108227,true
7157169,0.1890000,252,16866580,16866581,1678239110246,false
7157170,0.1891000,289,16866582,16866584,1678239111236,false
7157171,0.1892000,14169,16866585,16866594,1678239111409,false
7157172,0.1893000,6871,16866595,16866600,1678239111467,false
7157173,0.1894000,5830,16866601,16866610,1678239111467,false
7157174,0.1893000,5791,16866611,16866615,1678239111985,true
7157175,0.1893000,5676,16866616,16866621,1678239112098,true
7157176,0.1892000,6064,16866622,16866627,1678239115751,true
7157177,0.1892000,3820,16866628,16866635,1678239117636,true
7157178,0.1892000,704,16866636,16866637,1678239118001,false
7157179,0.1892000,54,16866638,16866638,1678239120367,false
7157180,0.1891000,65,16866639,16866639,1678239121337,true
7157181,0.1891000,278,16866640,16866641,1678239125347,true
7157182,0.1891000,282,16866642,16866642,1678239126944,true
7157183,0.1892000,54,16866643,16866643,1678239129506,false
7157184,0.1891000,70,16866644,16866644,1678239144475,true
7157185,0.1891000,65,16866645,16866645,1678239153763,true
7157186,0.1892000,27,16866646,16866646,1678239154381,false
7157187,0.1891000,65,16866647,16866647,1678239160936,true
7157188,0.1892000,2858,16866648,16866649,1678239163613,false
7157189,0.1893000,10348,16866650,16866654,1678239163614,false
7157190,0.1893000,65,16866655,16866655,1678239168047,true
7157191,0.1894000,27,16866656,16866656,1678239169340,false
7157192,0.1893000,65,16866657,16866657,1678239177212,true
7157193,0.1893000,103,16866658,16866658,1678239178744,true
7157194,0.1894000,1315,16866659,16866661,1678239182901,false
7157195,0.1893000,65,16866662,16866662,1678239185324,true
7157196,0.1893000,1837,16866663,16866666,1678239186383,true
7157197,0.1892000,101,16866667,16866667,1678239187850,true
7157198,0.1892000,232,16866668,16866669,1678239193096,true
7157199,0.1892000,65,16866670,16866670,1678239193433,true
7157200,0.1892000,101,16866671,16866671,1678239198945,true
7157201,0.1892000,101,16866672,16866672,1678239206118,true
7157202,0.1892000,230,16866673,16866673,1678239207343,true
7157203,0.1892000,57,16866674,16866674,1678239207942,true
7157204,0.1892000,53,16866675,16866675,1678239210158,true
7157205,0.1892000,101,16866676,16866676,1678239216353,true
7157206,0.1892000,230,16866677,16866677,1678239216526,true
7157207,0.1893000,327,16866678,16866678,1678239218502,false
7157208,0.1892000,52,16866679,16866679,1678239222096,true
7157209,0.1893000,2276,16866680,16866681,1678239228306,false
7157210,0.1893000,230,16866682,16866682,1678239228672,true
7157211,0.1893000,101,16866683,16866683,1678239230463,true
7157212,0.1893000,52,16866684,16866684,1678239231214,true
7157213,0.1893000,101,16866685,16866685,1678239238571,true
7157214,0.1893000,2391,16866686,16866689,1678239240703,true
7157215,0.1893000,52,16866690,16866690,1678239241454,true
7157216,0.1893000,230,16866691,16866691,1678239242437,true
7157217,0.1893000,52,16866692,16866692,1678239250223,true
7157218,0.1893000,230,16866693,16866693,1678239251548,true
7157219,0.1893000,278,16866694,16866694,1678239253326,true
7157220,0.1893000,918,16866695,16866698,1678239262406,true
7157221,0.1893000,52,16866699,16866699,1678239264342,true
7157222,0.1893000,230,16866700,16866700,1678239265754,true
7157223,0.1893000,292,16866701,16866701,1678239268781,true
7157224,0.1893000,47,16866702,16866702,1678239272429,true
7157225,0.1894000,1633,16866703,16866705,1678239273946,false
7157226,0.1894000,158,16866706,16866706,1678239275854,true
7157227,0.1894000,52,16866707,16866707,1678239276585,true
7157228,0.1895000,992,16866708,16866711,1678239277638,false
7157229,0.1896000,1104,16866712,16866714,1678239278039,false
7157230,0.1896000,41,16866715,16866715,1678239280684,true
7157231,0.1896000,2566,16866716,16866720,1678239281480,true
7157232,0.1896000,2369,16866721,16866724,1678239284157,true
7157233,0.1895000,291,16866725,16866725,1678239287669,true
7157234,0.1895000,41,16866726,16866726,1678239287856,true
7157235,0.1895000,261,16866727,16866728,1678239288824,true
7157236,0.1895000,152,16866729,16866729,1678239289135,true
7157237,0.1895000,41,16866730,16866730,1678239295967,true
7157238,0.1895000,261,16866731,16866731,1678239298947,true
7157239,0.1895000,152,16866732,16866733,1678239300339,true
7157240,0.1895000,288,16866734,16866734,1678239300841,true
7157241,0.1896000,702,16866735,16866735,1678239304407,false
7157242,0.1895000,283,16866736,16866736,1678239305264,true
7157243,0.1895000,261,16866737,16866737,1678239306075,true
7157244,0.1895000,152,16866738,16866738,1678239307530,true
7157245,0.1896000,1997,16866739,16866741,1678239307556,false
7157246,0.1896000,288,16866742,16866742,1678239307956,true
7157247,0.1896000,6372,16866743,16866749,1678239308096,true
7157248,0.1896000,41,16866750,16866750,1678239310145,true
7157249,0.1897000,166,16866751,16866753,1678239310466,false
7157250,0.1897000,1344,16866754,16866755,1678239312036,true
7157251,0.1897000,233,16866756,16866756,1678239312661,false
7157252,0.1896000,261,16866757,16866757,1678239315323,true
7157253,0.1896000,288,16866758,16866759,1678239317110,true
7157254,0.1896000,995,16866760,16866761,1678239319011,true
7157255,0.1895000,152,16866762,16866762,1678239320717,true
7157256,0.1895000,41,16866763,16866763,1678239323246,true
7157257,0.1896000,255,16866764,16866764,1678239323496,false
7157258,0.1896000,548,16866765,16866767,1678239327213,true
7157259,0.1895000,152,16866768,16866769,1678239327982,true
7157260,0.1895000,288,16866770,16866770,1678239329302,true
7157261,0.1895000,261,16866771,16866771,1678239329449,true
7157262,0.1895000,41,16866772,16866773,1678239337499,true
7157263,0.1895000,152,16866774,16866774,1678239338167,true
7157264,0.1895000,288,16866775,16866775,1678239338541,true
7157265,0.1895000,261,16866776,16866776,1678239340698,true
7157266,0.1895000,115,16866777,16866777,1678239343038,true
7157267,0.1896000,58,16866778,16866778,1678239344401,false
7157268,0.1896000,608,16866779,16866779,1678239346335,false
7157269,0.1897000,60,16866780,16866780,1678239346336,false
7157270,0.1896000,116,16866781,16866782,1678239346479,true
7157271,0.1895000,2476,16866783,16866786,1678239346479,true
7157272,0.1896000,489,16866787,16866787,1678239346534,false
7157273,0.1896000,288,16866788,16866788,1678239352247,true
7157274,0.1896000,261,16866789,16866789,1678239352869,true
7157275,0.1896000,115,16866790,16866790,1678239356202,true
7157276,0.1897000,59,16866791,16866791,1678239358104,false
7157277,0.1897000,673,16866792,16866793,1678239363744,false
7157278,0.1896000,115,16866794,16866795,1678239364302,true
7157279,0.1896000,45,16866796,16866796,1678239370270,true
7157280,0.1896000,2850,16866797,16866800,1678239370719,true
7157281,0.1895000,45,16866801,16866801,1678239371858,true
7157282,0.1896000,59,16866802,16866802,1678239372244,false
7157283,0.1895000,115,16866803,16866803,1678239375487,true
7157284,0.1895000,45,16866804,16866804,1678239378515,true
7157285,0.1895000,255,16866805,16866805,1678239379420,true
7157286,0.1896000,59,16866806,16866806,1678239382351,false
7157287,0.1895000,279,16866807,16866807,1678239382426,true
7157288,0.1895000,42,16866808,16866808,1678239385968,true
7157289,0.1895000,160,16866809,16866810,1678239386657,true
7157290,0.1896000,59,16866811,16866811,1678239391601,false
7157291,0.1897000,7715,16866812,16866817,1678239395775,false
7157292,0.1897000,283,16866818,16866818,1678239396508,true
7157293,0.1897000,45,16866819,16866819,1678239398856,true
7157294,0.1897000,115,16866820,16866820,1678239399831,true
7157295,0.1897000,42,16866821,16866821,1678239400075,true
7157296,0.1898000,59,16866822,16866823,1678239400788,false
7157297,0.1897000,115,16866824,16866824,1678239409004,true
7157298,0.1898000,59,16866825,16866825,1678239411961,false
7157299,0.1897000,42,16866826,16866826,1678239412187,true
7157300,0.1897000,45,16866827,16866827,1678239413032,true
7157301,0.1898000,47,16866828,16866828,1678239419257,false
7157302,0.1898000,3270,16866829,16866835,1678239420124,false
7157303,0.1899000,6828,16866836,16866845,1678239420134,false
7157304,0.1900000,53,16866846,16866847,1678239423994,false
7157305,0.1899000,87,16866848,16866849,1678239425235,true
7157306,0.1899000,2779,16866850,16866851,1678239428609,true
7157307,0.1899000,216,16866852,16866852,1678239428921,true
7157308,0.1899000,42,16866853,16866853,1678239436405,true
7157309,0.1900000,57,16866854,16866855,1678239437878,false
7157310,0.1899000,45,16866856,16866856,1678239439341,true
7157311,0.1899000,42,16866857,16866857,1678239444548,true
7157312,0.1899000,4390,16866858,16866862,1678239447328,true
7157313,0.1898000,54,16866863,16866864,1678239450812,true
