agg_trade_id,price,quantity,first_trade_id,last_trade_id,transact_time,is_buyer_maker
7184421,0.1727000,165,16931901,16931901,1678320003733,false
7184422,0.1726000,3252,16931902,16931904,1678320003886,true
7184423,0.1726000,513,16931905,16931905,1678320003950,false
7184424,0.1727000,3187,16931906,16931911,1678320003950,false
7184425,0.1727000,87,16931912,16931912,1678320004298,false
7184426,0.1727000,121,16931913,16931913,1678320006742,false
7184427,0.1726000,717,16931914,16931914,1678320006879,true
7184428,0.1726000,361,16931915,16931915,1678320007001,true
7184429,0.1727000,2858,16931916,16931921,1678320007189,false
7184430,0.1726000,704,16931922,16931922,1678320007981,true
7184431,0.1726000,58,16931923,16931923,1678320008279,true
7184432,0.1727000,113,16931924,16931924,1678320008669,false
7184433,0.1727000,1081,16931925,16931925,1678320008777,false
7184434,0.1727000,2400,16931926,16931926,1678320009733,false
7184435,0.1727000,2580,16931927,16931927,1678320012655,false
7184436,0.1727000,102,16931928,16931928,1678320013361,false
7184437,0.1727000,5322,16931929,16931935,1678320015849,false
7184438,0.1728000,3239,16931936,16931941,1678320015958,false
7184439,0.1729000,8936,16931942,16931949,1678320016675,false
7184440,0.1730000,2382,16931950,16931953,1678320017678,false
7184441,0.1731000,1421,16931954,16931954,1678320017678,false
7184442,0.1731000,251,16931955,16931955,1678320017982,false
7184443,0.1731000,83,16931956,16931956,1678320018607,false
7184444,0.1730000,275,16931957,16931957,1678320018805,true
7184445,0.1731000,10472,16931958,16931968,1678320018855,false
7184446,0.1732000,832,16931969,16931971,1678320019648,false
7184447,0.1732000,113,16931972,16931972,1678320019908,false
7184448,0.1732000,2441,16931973,16931974,1678320021063,false
7184449,0.1731000,9229,16931975,16931979,1678320021106,true
7184450,0.1733000,664,16931980,16931981,1678320022675,false
7184451,0.1733000,9029,16931982,16931988,1678320022897,false
7184452,0.1734000,2342,16931989,16931993,1678320023631,false
7184453,0.1734000,988,16931994,16931995,1678320023763,false
7184454,0.1735000,2027,16931996,16931999,1678320023763,false
7184455,0.1734000,8597,16932000,16932004,1678320023807,true
7184456,0.1733000,290,16932005,16932005,1678320023898,true
7184457,0.1734000,6339,16932006,16932012,1678320026843,false
7184458,0.1735000,113,16932013,16932013,1678320027107,false
7184459,0.1735000,879,16932014,16932014,1678320027611,false
7184460,0.1735000,284,16932015,16932015,1678320027726,false
7184461,0.1735000,1416,16932016,16932017,1678320028338,false
7184462,0.1735000,6454,16932018,16932021,1678320028715,false
7184463,0.1736000,6844,16932022,16932024,1678320028930,false
7184464,0.1737000,9083,16932025,16932031,1678320028936,false
7184465,0.1738000,3441,16932032,16932038,1678320028948,false
7184466,0.1737000,2890,16932039,16932042,1678320028960,true
7184467,0.1736000,5959,16932043,16932046,1678320029403,true
7184468,0.1735000,14617,16932047,16932051,1678320029480,true
7184469,0.1734000,2732,16932052,16932053,1678320029551,true
7184470,0.1735000,1953,16932054,16932055,1678320030113,false
7184471,0.1734000,4561,16932056,16932058,1678320030189,true
7184472,0.1734000,7977,16932059,16932064,1678320031638,false
7184473,0.1735000,6680,16932065,16932069,1678320031638,false
7184474,0.1736000,3159,16932070,16932072,1678320031676,false
7184475,0.1735000,336,16932073,16932073,1678320031684,true
7184476,0.1734000,1030,16932074,16932074,1678320033667,true
7184477,0.1735000,2181,16932075,16932077,1678320033702,false
7184478,0.1736000,921,16932078,16932078,1678320033702,false
7184479,0.1735000,1014,16932079,16932080,1678320033712,true
7184480,0.1735000,501,16932081,16932081,1678320033871,true
7184481,0.1735000,787,16932082,16932082,1678320034677,false
7184482,0.1735000,513,16932083,16932083,1678320035305,false
7184483,0.1736000,705,16932084,16932084,1678320035305,false
7184484,0.1735000,2717,16932085,16932087,1678320035319,true
7184485,0.1735000,2785,16932088,16932090,1678320035568,false
7184486,0.1735000,5310,16932091,16932092,1678320038376,true
7184487,0.1736000,1116,16932093,16932093,1678320038601,false
7184488,0.1736000,113,16932094,16932094,1678320039860,false
7184489,0.1735000,7431,16932095,16932097,1678320039887,true
7184490,0.1736000,15254,16932098,16932106,1678320040519,false
7184491,0.1737000,4466,16932107,16932108,1678320040519,false
7184492,0.1736000,557,16932109,16932110,1678320041066,true
7184493,0.1736000,2964,16932111,16932112,1678320041795,false
7184494,0.1736000,289,16932113,16932113,1678320041843,true
7184495,0.1737000,83,16932114,16932114,1678320043006,false
7184496,0.1737000,1614,16932115,16932117,1678320045135,false
7184497,0.1737000,1507,16932118,16932119,1678320050977,false
7184498,0.1737000,83,16932120,16932120,1678320054183,false
7184499,0.1737000,2723,16932121,16932123,1678320059281,false
7184500,0.1738000,1599,16932124,16932125,1678320060110,false
7184501,0.1738000,86,16932126,16932126,1678320060289,false
7184502,0.1738000,287,16932127,16932129,1678320060307,true
7184503,0.1738000,98,16932130,16932130,1678320060583,true
7184504,0.1738000,1801,16932131,16932133,1678320061225,false
7184505,0.1739000,5576,16932134,16932141,1678320061225,false
7184506,0.1739000,83,16932142,16932142,1678320061348,false
7184507,0.1739000,867,16932143,16932145,1678320062564,false
7184508,0.1739000,513,16932146,16932146,1678320062581,true
7184509,0.1738000,323,16932147,16932148,1678320063379,true
7184510,0.1739000,14642,16932149,16932159,1678320063940,false
7184511,0.1739000,692,16932160,16932161,1678320063970,true
7184512,0.1740000,2634,16932162,16932167,1678320064525,false
7184513,0.1741000,2010,16932168,16932173,1678320064525,false
7184514,0.1740000,686,16932174,16932176,1678320064525,true
7184515,0.1740000,1407,16932177,16932179,1678320064735,true
7184516,0.1740000,6280,16932180,16932184,1678320066018,true
7184517,0.1739000,43417,16932185,16932210,1678320066097,true
7184518,0.1740000,4133,16932211,16932213,1678320066197,false
7184519,0.1740000,2950,16932214,16932215,1678320066619,false
7184520,0.1740000,1408,16932216,16932218,1678320067588,false
7184521,0.1740000,4546,16932219,16932222,1678320067883,false
7184522,0.1740000,960,16932223,16932223,1678320068593,false
7184523,0.1740000,1691,16932224,16932226,1678320069531,false
7184524,0.1741000,1423,16932227,16932228,1678320069611,false
7184525,0.1742000,116,16932229,16932232,1678320069611,false
7184526,0.1741000,127,16932233,16932233,1678320069626,true
7184527,0.1740000,12925,16932234,16932241,1678320070050,true
7184528,0.1740000,544,16932242,16932243,1678320070366,false
7184529,0.1740000,5067,16932244,16932247,1678320072184,false
7184530,0.1741000,1533,16932248,16932249,1678320072605,false
7184531,0.1742000,437,16932250,16932250,1678320072605,false
7184532,0.1741000,83,16932251,16932251,1678320073523,false
7184533,0.1740000,693,16932252,16932252,1678320074020,true
7184534,0.1740000,10145,16932253,16932258,1678320074207,true
7184535,0.1739000,3563,16932259,16932259,1678320074607,true
7184536,0.1739000,13254,16932260,16932264,1678320074749,true
7184537,0.1739000,6027,16932265,16932267,1678320074872,true
7184538,0.1739000,11801,16932268,16932271,1678320074989,true
7184539,0.1739000,2563,16932272,16932274,1678320075227,true
7184540,0.1739000,4705,16932275,16932277,1678320075333,true
7184541,0.1739000,47957,16932278,16932282,1678320075655,true
7184542,0.1740000,976,16932283,16932283,1678320075679,false
7184543,0.1739000,513,16932284,16932284,1678320075730,true
7184544,0.1740000,3675,16932285,16932285,1678320075738,false
7184545,0.1739000,430,16932286,16932286,1678320075828,false
7184546,0.1739000,4231,16932287,16932287,1678320075987,true
7184547,0.1739000,1174,16932288,16932288,1678320076053,false
7184548,0.1739000,3421,16932289,16932293,1678320076201,true
7184549,0.1738000,2174,16932294,16932296,1678320076224,true
7184550,0.1737000,451,16932297,16932297,1678320076232,true
7184551,0.1738000,1079,16932298,16932298,1678320076316,true
7184552,0.1737000,4583,16932299,16932302,1678320076316,true
7184553,0.1736000,624,16932303,16932304,1678320076341,true
7184554,0.1735000,2361,16932305,16932307,1678320076341,true
7184555,0.1736000,1166,16932308,16932312,1678320076625,true
7184556,0.1737000,1025,16932313,16932314,1678320076951,false
7184557,0.1737000,1025,16932315,16932315,1678320077204,false
7184558,0.1737000,594,16932316,16932317,1678320077479,false
7184559,0.1738000,4842,16932318,16932321,1678320078812,false
7184560,0.1738000,5995,16932322,16932324,1678320080078,false
7184561,0.1739000,17353,16932325,16932336,1678320080143,false
7184562,0.1739000,159,16932337,16932338,1678320080262,true
7184563,0.1739000,433,16932339,16932341,1678320080475,true
7184564,0.1740000,10920,16932342,16932350,1678320080897,false
7184565,0.1740000,306,16932351,16932352,1678320080995,true
7184566,0.1741000,1533,16932353,16932354,1678320083863,false
7184567,0.1741000,7196,16932355,16932361,1678320083970,false
7184568,0.1741000,2534,16932362,16932362,1678320084733,false
7184569,0.1741000,4632,16932363,16932367,1678320086610,false
7184570,0.1741000,2219,16932368,16932378,1678320086738,true
7184571,0.1740000,3054,16932379,16932386,1678320086811,true
7184572,0.1741000,6920,16932387,16932390,1678320086892,false
7184573,0.1741000,944,16932391,16932393,1678320087103,true
7184574,0.1741000,1268,16932394,16932396,1678320087610,true
7184575,0.1740000,543,16932397,16932398,1678320089915,true
7184576,0.1741000,1633,16932399,16932400,1678320090833,false
7184577,0.1741000,70,16932401,16932401,1678320092303,false
7184578,0.1741000,5895,16932402,16932407,1678320097995,false
7184579,0.1742000,2277,16932408,16932411,1678320097995,false
7184580,0.1741000,306,16932412,16932412,1678320098031,true
7184581,0.1740000,276,16932413,16932413,1678320098037,true
7184582,0.1741000,214,16932414,16932415,1678320098222,true
7184583,0.1742000,3462,16932416,16932417,1678320099046,false
7184584,0.1742000,752,16932418,16932418,1678320099654,false
7184585,0.1741000,4003,16932419,16932420,1678320100679,true
7184586,0.1742000,1253,16932421,16932422,1678320100697,false
7184587,0.1741000,4861,16932423,16932423,1678320101029,true
7184588,0.1741000,4407,16932424,16932428,1678320103620,false
7184589,0.1740000,5640,16932429,16932433,1678320111487,true
7184590,0.1739000,4139,16932434,16932435,1678320111487,true
7184591,0.1739000,3364,16932436,16932437,1678320118296,true
7184592,0.1738000,5915,16932438,16932443,1678320118296,true
7184593,0.1737000,5729,16932444,16932446,1678320118314,true
7184594,0.1738000,513,16932447,16932447,1678320118457,false
7184595,0.1738000,4082,16932448,16932450,1678320118797,true
7184596,0.1739000,4917,16932451,16932454,1678320120183,false
7184597,0.1740000,4135,16932455,16932457,1678320120612,false
7184598,0.1739000,32,16932458,16932458,1678320120656,true
7184599,0.1740000,157,16932459,16932460,1678320122352,true
7184600,0.1739000,630,16932461,16932462,1678320122651,true
7184601,0.1739000,699,16932463,16932463,1678320122771,true
7184602,0.1739000,968,16932464,16932465,1678320123964,true
7184603,0.1739000,3256,16932466,16932468,1678320124519,true
7184604,0.1740000,1562,16932469,16932470,1678320125802,false
7184605,0.1739000,1023,16932471,16932471,1678320125816,true
7184606,0.1738000,537,16932472,16932472,1678320125816,true
7184607,0.1739000,790,16932473,16932474,1678320127608,false
7184608,0.1740000,936,16932475,16932476,1678320127608,false
7184609,0.1740000,1321,16932477,16932477,1678320128184,false
7184610,0.1740000,3908,16932478,16932481,1678320128474,false
7184611,0.1740000,1818,16932482,16932484,1678320130686,false
7184612,0.1740000,1530,16932485,16932485,1678320131488,false
7184613,0.1740000,10484,16932486,16932491,1678320134628,false
7184614,0.1740000,1604,16932492,16932494,1678320134789,true
7184615,0.1740000,457,16932495,16932495,1678320135853,true
7184616,0.1740000,5165,16932496,16932500,1678320141680,false
7184617,0.1741000,11106,16932501,16932507,1678320144795,false
7184618,0.1742000,3206,16932508,16932510,1678320145995,false
7184619,0.1742000,39,16932511,16932511,1678320147568,true
7184620,0.1743000,3063,16932512,16932518,1678320147659,false
7184621,0.1743000,167,16932519,16932519,1678320148407,true
7184622,0.1743000,144,16932520,16932520,1678320148519,true
7184623,0.1743000,246,16932521,16932521,1678320149069,false
7184624,0.1743000,288,16932522,16932522,1678320149128,true
7184625,0.1743000,712,16932523,16932524,1678320149631,true
7184626,0.1743000,4511,16932525,16932527,1678320150109,true
7184627,0.1743000,513,16932528,16932528,1678320150290,false
7184628,0.1743000,711,16932529,16932530,1678320150569,true
7184629,0.1743000,4831,16932531,16932533,1678320151106,true
7184630,0.1744000,2963,16932534,16932539,1678320151596,false
7184631,0.1744000,1408,16932540,16932544,1678320152682,false
7184632,0.1744000,755,16932545,16932545,1678320152999,false
7184633,0.1745000,7660,16932546,16932549,1678320153148,false
7184634,0.1745000,2523,16932550,16932551,1678320154785,false
7184635,0.1745000,448,16932552,16932560,1678320154876,true
7184636,0.1745000,334,16932561,16932562,1678320155029,true
7184637,0.1745000,673,16932563,16932564,1678320156807,true
7184638,0.1745000,3437,16932565,16932566,1678320159613,true
7184639,0.1746000,1812,16932567,16932571,1678320160614,false
7184640,0.1746000,3202,16932572,16932573,1678320161851,false
7184641,0.1746000,2654,16932574,16932575,1678320162451,false
7184642,0.1746000,368,16932576,16932577,1678320162500,true
7184643,0.1747000,813,16932578,16932579,1678320162621,false
7184644,0.1747000,5696,16932580,16932585,1678320163378,false
7184645,0.1747000,448,16932586,16932586,1678320163520,true
7184646,0.1748000,21801,16932587,16932601,1678320163521,false
7184647,0.1747000,75,16932602,16932602,1678320163581,true
7184648,0.1749000,18632,16932603,16932611,1678320163714,false
7184649,0.1750000,1858,16932612,16932617,1678320164583,false
7184650,0.1750000,2454,16932618,16932619,1678320169967,false
7184651,0.1750000,2106,16932620,16932622,1678320171097,false
7184652,0.1751000,1631,16932623,16932623,1678320171097,false
7184653,0.1750000,5635,16932624,16932635,1678320171152,true
7184654,0.1749000,141,16932636,16932638,1678320171175,true
7184655,0.1750000,786,16932639,16932641,1678320171236,false
7184656,0.1750000,2808,16932642,16932645,1678320179471,false
7184657,0.1751000,1065,16932646,16932652,1678320179796,false
7184658,0.1751000,513,16932653,16932653,1678320180976,true
7184659,0.1750000,1777,16932654,16932655,1678320181096,true
7184660,0.1750000,32,16932656,16932656,1678320181559,true
7184661,0.1751000,1106,16932657,16932657,1678320181783,false
7184662,0.1751000,4272,16932658,16932662,1678320182080,false
7184663,0.1750000,779,16932663,16932663,1678320182130,true
7184664,0.1750000,663,16932664,16932664,1678320182305,true
7184665,0.1751000,4256,16932665,16932668,1678320182437,false
7184666,0.1751000,2449,16932669,16932671,1678320182737,true
7184667,0.1751000,774,16932672,16932673,1678320183078,true
7184668,0.1751000,2531,16932674,16932677,1678320183228,true
7184669,0.1750000,505,16932678,16932679,1678320183229,true
7184670,0.1750000,2167,16932680,16932680,1678320184119,true
7184671,0.1750000,10627,16932681,16932689,1678320189381,true
7184672,0.1750000,17639,16932690,16932700,1678320189497,true
7184673,0.1750000,10183,16932701,16932707,1678320191320,false
7184674,0.1750000,2572,16932708,16932709,1678320191671,true
7184675,0.1751000,1537,16932710,16932711,1678320193142,false
7184676,0.1751000,102,16932712,16932712,1678320193244,false
7184677,0.1751000,5886,16932713,16932717,1678320195046,true
7184678,0.1751000,117,16932718,16932718,1678320195058,false
7184679,0.1751000,1564,16932719,16932720,1678320200694,false
7184680,0.1751000,1123,16932721,16932721,1678320201827,false
7184681,0.1751000,1367,16932722,16932724,1678320208628,false
7184682,0.1750000,677,16932725,16932726,1678320210884,true
7184683,0.1751000,65,16932727,16932727,1678320211381,false
7184684,0.1750000,1432,16932728,16932728,1678320212562,true
7184685,0.1750000,2504,16932729,16932729,1678320214234,true
7184686,0.1749000,23126,16932730,16932747,1678320214359,true
7184687,0.1747000,868,16932748,16932748,1678320216279,true
7184688,0.1747000,6881,16932749,16932753,1678320218240,true
7184689,0.1746000,870,16932754,16932755,1678320218798,true
7184690,0.1746000,3660,16932756,16932760,1678320221101,false
7184691,0.1746000,7403,16932761,16932765,1678320223139,true
7184692,0.1747000,3081,16932766,16932768,1678320224740,false
7184693,0.1747000,167,16932769,16932770,1678320225170,true
7184694,0.1747000,1220,16932771,16932773,1678320225673,true
7184695,0.1747000,8009,16932774,16932780,1678320226566,false
7184696,0.1748000,1657,16932781,16932783,1678320226566,false
7184697,0.1748000,1929,16932784,16932784,1678320229562,false
7184698,0.1748000,397,16932785,16932786,1678320230158,false
7184699,0.1749000,4153,16932787,16932789,1678320230158,false
7184700,0.1748000,1198,16932790,16932792,1678320230175,true
7184701,0.1749000,65,16932793,16932793,1678320230376,false
7184702,0.1748000,73,16932794,16932794,1678320232168,true
7184703,0.1748000,1100,16932795,16932795,1678320232526,true
7184704,0.1749000,60,16932796,16932796,1678320234223,false
7184705,0.1749000,1945,16932797,16932797,1678320236461,false
7184706,0.1749000,207,16932798,16932799,1678320236782,true
7184707,0.1749000,230,16932800,16932801,1678320236904,true
7184708,0.1749000,5259,16932802,16932806,1678320237237,true
7184709,0.1749000,2641,16932807,16932809,1678320238523,false
7184710,0.1749000,2371,16932810,16932810,1678320239717,false
7184711,0.1749000,60,16932811,16932812,1678320241475,false
7184712,0.1749000,60,16932813,16932813,1678320241608,false
7184713,0.1748000,34,16932814,16932814,1678320241658,true
7184714,0.1748000,833,16932815,16932816,1678320243773,true
7184715,0.1749000,5518,16932817,16932820,1678320248022,false
7184716,0.1749000,60,16932821,16932821,1678320249801,false
7184717,0.1749000,60,16932822,16932822,1678320252602,false
7184718,0.1749000,60,16932823,16932823,1678320258011,false
7184719,0.1749000,920,16932824,16932826,1678320259320,false
7184720,0.1749000,60,16932827,16932827,1678320261320,false
7184721,0.1748000,138,16932828,16932829,1678320261566,true
7184722,0.1749000,3703,16932830,16932834,1678320264177,false
7184723,0.1749000,1221,16932835,16932838,1678320266089,false
7184724,0.1749000,586,16932839,16932839,1678320268676,false
7184725,0.1749000,60,16932840,16932840,1678320269100,false
7184726,0.1749000,3084,16932841,16932843,1678320270897,false
7184727,0.1749000,138,16932844,16932845,1678320270961,true
7184728,0.1749000,138,16932846,16932847,1678320271074,true
7184729,0.1750000,60,16932848,16932848,1678320271182,false
7184730,0.1750000,3972,16932849,16932852,1678320272697,false
7184731,0.1750000,162,16932853,16932854,1678320272805,true
7184732,0.1750000,1033,16932855,16932856,1678320273660,false
7184733,0.1751000,845,16932857,16932857,1678320273660,false
7184734,0.1750000,516,16932858,16932860,1678320273673,true
7184735,0.1750000,513,16932861,16932861,1678320273700,false
7184736,0.1750000,1008,16932862,16932863,1678320273819,true
7184737,0.1750000,258,16932864,16932864,1678320274416,true
7184738,0.1750000,2759,16932865,16932869,1678320274610,false
7184739,0.1750000,1932,16932870,16932873,1678320274905,true
7184740,0.1751000,5867,16932874,16932877,1678320275214,false
7184741,0.1751000,1026,16932878,16932879,1678320275227,true
7184742,0.1752000,9012,16932880,16932889,1678320275251,false
7184743,0.1752000,1026,16932890,16932891,1678320275268,true
7184744,0.1752000,254,16932892,16932892,1678320276147,false
7184745,0.1752000,1150,16932893,16932895,1678320276179,true
7184746,0.1752000,1213,16932896,16932898,1678320276219,false
7184747,0.1752000,7420,16932899,16932904,1678320276651,false
7184748,0.1752000,3082,16932905,16932908,1678320277046,true
7184749,0.1753000,268,16932909,16932909,1678320277275,false
7184750,0.1752000,500,16932910,16932910,1678320278082,true
7184751,0.1753000,2003,16932911,16932911,1678320280496,false
7184752,0.1753000,2865,16932912,16932918,1678320281079,false
7184753,0.1754000,6516,16932919,16932928,1678320281192,false
7184754,0.1755000,6739,16932929,16932937,1678320281686,false
7184755,0.1756000,2198,16932938,16932938,1678320281686,false
7184756,0.1755000,4922,16932939,16932939,1678320281724,false
7184757,0.1755000,1004,16932940,16932941,1678320281748,true
7184758,0.1755000,117,16932942,16932942,1678320282109,true
7184759,0.1756000,60,16932943,16932943,1678320282355,false
7184760,0.1755000,1104,16932944,16932944,1678320282699,true
7184761,0.1755000,106,16932945,16932945,1678320283315,true
7184762,0.1756000,1459,16932946,16932947,1678320283511,false
7184763,0.1755000,716,16932948,16932949,1678320285508,false
7184764,0.1754000,7544,16932950,16932953,1678320286001,true
7184765,0.1755000,2104,16932954,16932956,1678320286008,false
7184766,0.1754000,245,16932957,16932957,1678320286265,true
7184767,0.1755000,1027,16932958,16932959,1678320287499,false
7184768,0.1755000,60,16932960,16932960,1678320289524,false
7184769,0.1754000,237,16932961,16932961,1678320291217,true
7184770,0.1754000,107,16932962,16932962,1678320293297,true
7184771,0.1754000,105,16932963,16932963,1678320297281,true
7184772,0.1754000,108,16932964,16932964,1678320301315,true
7184773,0.1754000,31116,16932965,16932970,1678320302332,true
7184774,0.1753000,9357,16932971,16932974,1678320302785,true
7184775,0.1753000,962,16932975,16932976,1678320304383,true
7184776,0.1752000,8996,16932977,16932982,1678320304627,true
7184777,0.1752000,516,16932983,16932984,1678320306719,false
7184778,0.1752000,880,16932985,16932986,1678320309572,false
7184779,0.1752000,54,16932987,16932987,1678320310030,false
7184780,0.1752000,58,16932988,16932988,1678320311183,false
7184781,0.1751000,69,16932989,16932989,1678320313930,true
7184782,0.1751000,116,16932990,16932990,1678320314120,false
7184783,0.1750000,1296,16932991,16932994,1678320317365,true
7184784,0.1749000,13151,16932995,16932997,1678320317365,true
7184785,0.1750000,4922,16932998,16932998,1678320317380,true
7184786,0.1749000,3890,16932999,16933001,1678320317380,true
7184787,0.1750000,50,16933002,16933002,1678320319236,false
7184788,0.1749000,599,16933003,16933003,1678320320856,true
7184789,0.1749000,2541,16933004,16933007,1678320321776,true
7184790,0.1750000,8292,16933008,16933015,1678320322492,false
7184791,0.1749000,3044,16933016,16933018,1678320322510,true
7184792,0.1750000,5781,16933019,16933019,1678320322510,false
7184793,0.1750000,1826,16933020,16933020,1678320322528,true
7184794,0.1751000,1568,16933021,16933022,1678320322694,false
7184795,0.1750000,6937,16933023,16933028,1678320322812,true
7184796,0.1751000,1804,16933029,16933029,1678320324325,false
7184797,0.1751000,2000,16933030,16933031,1678320325710,false
7184798,0.1751000,2743,16933032,16933034,1678320325820,false
7184799,0.1751000,144,16933035,16933036,1678320325902,true
7184800,0.1752000,1811,16933037,16933040,1678320326052,false
7184801,0.1753000,2314,16933041,16933045,1678320326519,false
7184802,0.1754000,1607,16933046,16933046,1678320328296,false
7184803,0.1754000,50,16933047,16933047,1678320329410,false
7184804,0.1754000,1743,16933048,16933050,1678320330300,false
7184805,0.1753000,4275,16933051,16933054,1678320332660,true
7184806,0.1753000,325,16933055,16933055,1678320334323,false
7184807,0.1753000,1695,16933056,16933059,1678320338324,false
7184808,0.1753000,6394,16933060,16933063,1678320342337,false
7184809,0.1754000,50,16933064,16933064,1678320343580,false
7184810,0.1754000,19645,16933065,16933071,1678320345613,false
7184811,0.1754000,2200,16933072,16933074,1678320348095,true
7184812,0.1755000,1117,16933075,16933075,1678320350315,false
7184813,0.1754000,513,16933076,16933076,1678320351212,true
7184814,0.1754000,50,16933077,16933077,1678320351692,false
7184815,0.1754000,4145,16933078,16933082,1678320353229,false
7184816,0.1754000,9297,16933083,16933085,1678320360307,true
7184817,0.1753000,121,16933086,16933086,1678320360486,true
7184818,0.1754000,145,16933087,16933087,1678320360491,false
7184819,0.1754000,4222,16933088,16933092,1678320360616,false
7184820,0.1753000,1837,16933093,16933097,1678320362797,true
7184821,0.1753000,725,16933098,16933098,1678320362948,true
7184822,0.1753000,928,16933099,16933099,1678320363164,true
7184823,0.1753000,2559,16933100,16933102,1678320363491,false
7184824,0.1752000,1250,16933103,16933104,1678320363940,true
7184825,0.1752000,1974,16933105,16933106,1678320364147,true
7184826,0.1752000,98,16933107,16933107,1678320364300,false
7184827,0.1752000,50,16933108,16933108,1678320366051,false
7184828,0.1752000,614,16933109,16933110,1678320367958,false
7184829,0.1752000,96,16933111,16933111,1678320368258,false
7184830,0.1751000,3144,16933112,16933113,1678320370049,true
7184831,0.1751000,3682,16933114,16933116,1678320370247,false
7184832,0.1750000,7563,16933117,16933124,1678320371827,true
7184833,0.1750000,287,16933125,16933125,1678320372257,false
7184834,0.1750000,50,16933126,16933126,1678320374211,false
7184835,0.1750000,231,16933127,16933128,1678320376367,false
7184836,0.1749000,12879,16933129,16933131,1678320376990,true
7184837,0.1748000,9148,16933132,16933139,1678320377428,true
7184838,0.1748000,1491,16933140,16933140,1678320377621,true
7184839,0.1747000,706,16933141,16933143,1678320377734,true
7184840,0.1747000,651,16933144,16933145,1678320378655,false
7184841,0.1746000,33,16933146,16933146,1678320379781,true
7184842,0.1747000,841,16933147,16933147,1678320380320,false
7184843,0.1746000,2500,16933148,16933149,1678320381608,true
7184844,0.1747000,4942,16933150,16933153,1678320382144,false
7184845,0.1748000,362,16933154,16933154,1678320384267,false
7184846,0.1748000,650,16933155,16933155,1678320388256,false
7184847,0.1748000,572,16933156,16933156,1678320389242,false
7184848,0.1748000,13500,16933157,16933165,1678320390132,false
7184849,0.1748000,138,16933166,16933167,1678320390162,true
7184850,0.1749000,552,16933168,16933169,1678320390314,false
7184851,0.1748000,120,16933170,16933170,1678320390424,true
7184852,0.1748000,203,16933171,16933171,1678320390701,true
7184853,0.1749000,2545,16933172,16933174,1678320392563,false
7184854,0.1749000,461,16933175,16933175,1678320392897,true
7184855,0.1750000,264,16933176,16933176,1678320394286,false
7184856,0.1750000,2036,16933177,16933178,1678320397556,false
7184857,0.1751000,4831,16933179,16933182,1678320397556,false
7184858,0.1750000,80,16933183,16933183,1678320397571,true
7184859,0.1751000,171,16933184,16933184,1678320398232,false
7184860,0.1750000,2500,16933185,16933186,1678320398283,true
7184861,0.1750000,5283,16933187,16933189,1678320400211,true
7184862,0.1749000,138,16933190,16933192,1678320400374,true
7184863,0.1750000,75,16933193,16933193,1678320402301,false
7184864,0.1750000,75,16933194,16933194,1678320406258,false
7184865,0.1750000,1242,16933195,16933196,1678320408614,false
7184866,0.1750000,1345,16933197,16933199,1678320411310,false
7184867,0.1750000,1235,16933200,16933201,1678320411411,false
7184868,0.1750000,1372,16933202,16933203,1678320411723,false
7184869,0.1750000,138,16933204,16933205,1678320411769,true
7184870,0.1751000,48,16933206,16933206,1678320418567,false
7184871,0.1750000,11399,16933207,16933211,1678320418736,true
7184872,0.1749000,121,16933212,16933212,1678320420452,true
7184873,0.1748000,5678,16933213,16933216,1678320426983,true
7184874,0.1747000,25270,16933217,16933230,1678320426983,true
7184875,0.1747000,1746,16933231,16933231,1678320427244,true
7184876,0.1747000,2241,16933232,16933235,1678320428266,false
7184877,0.1747000,544,16933236,16933236,1678320429080,true
7184878,0.1748000,191,16933237,16933237,1678320432303,false
7184879,0.1748000,48,16933238,16933238,1678320432811,false
7184880,0.1748000,3020,16933239,16933243,1678320433922,false
7184881,0.1749000,1883,16933244,16933247,1678320436170,false
7184882,0.1749000,745,16933248,16933249,1678320438903,false
7184883,0.1748000,2500,16933250,16933252,1678320439105,true
7184884,0.1748000,350,16933253,16933255,1678320439260,false
7184885,0.1748000,5499,16933256,16933260,1678320440141,false
7184886,0.1749000,48,16933261,16933261,1678320445984,false
7184887,0.1749000,2849,16933262,16933264,1678320447951,false
7184888,0.1749000,70,16933265,16933265,1678320450232,false
7184889,0.1749000,118,16933266,16933266,1678320450958,false
7184890,0.1749000,163,16933267,16933267,1678320454308,false
7184891,0.1749000,48,16933268,16933268,1678320458194,false
7184892,0.1749000,115,16933269,16933269,1678320461060,false
7184893,0.1749000,67,16933270,16933270,1678320466284,false
7184894,0.1749000,48,16933271,16933271,1678320467373,false
7184895,0.1748000,5943,16933272,16933277,1678320467941,true
7184896,0.1749000,115,16933278,16933279,1678320468294,false
7184897,0.1749000,11201,16933280,16933289,1678320475424,false
7184898,0.1749000,4443,16933290,16933291,1678320475577,false
7184899,0.1749000,5211,16933292,16933296,1678320476031,true
7184900,0.1749000,48,16933297,16933297,1678320478174,false
7184901,0.1749000,273,16933298,16933299,1678320478410,false
7184902,0.1750000,704,16933300,16933301,1678320481144,false
7184903,0.1749000,4700,16933302,16933306,1678320482459,true
7184904,0.1748000,853,16933307,16933307,1678320483997,true
7184905,0.1749000,5,16933308,16933308,1678320484567,false
7184906,0.1749000,6813,16933309,16933313,1678320486532,false
7184907,0.1748000,2306,16933314,16933315,1678320487924,true
7184908,0.1748000,115,16933316,16933316,1678320488536,false
7184909,0.1748000,900,16933317,16933319,1678320491159,false
7184910,0.1748000,68,16933320,16933320,1678320492226,false
7184911,0.1748000,761,16933321,16933321,1678320492775,false
7184912,0.1749000,115,16933322,16933322,1678320499266,false
7184913,0.1749000,36,16933323,16933323,1678320504310,false
7184914,0.1749000,115,16933324,16933324,1678320507377,false
7184915,0.1749000,36,16933325,16933325,1678320508262,false
7184916,0.1749000,64,16933326,16933326,1678320510228,false
7184917,0.1748000,8128,16933327,16933335,1678320511290,true
7184918,0.1748000,138,16933336,16933336,1678320511336,false
7184919,0.1748000,160,16933337,16933337,1678320514286,false
7184920,0.1748000,36,16933338,16933338,1678320518254,false
7184921,0.1747000,121,16933339,16933339,1678320521389,true
7184922,0.1748000,64,16933340,16933340,1678320522255,false
7184923,0.1748000,160,16933341,16933342,1678320526357,false
7184924,0.1747000,3995,16933343,16933347,1678320526432,true
7184925,0.1747000,976,16933348,16933348,1678320526550,true
7184926,0.1747000,132,16933349,16933349,1678320530236,false
7184927,0.1747000,192,16933350,16933350,1678320534282,false
7184928,0.1747000,192,16933351,16933351,1678320538234,false
7184929,0.1747000,192,16933352,16933352,1678320540255,false
7184930,0.1747000,93,16933353,16933353,1678320541264,false
7184931,0.1746000,1177,16933354,16933355,1678320543969,true
7184932,0.1747000,96,16933356,16933356,1678320544252,false
7184933,0.1746000,2204,16933357,16933359,1678320547928,true
7184934,0.1745000,6381,16933360,16933365,1678320548209,true
7184935,0.1744000,10020,16933366,16933374,1678320548209,true
7184936,0.1744000,249,16933375,16933375,1678320548312,true
7184937,0.1745000,290,16933376,16933376,1678320548313,false
7184938,0.1744000,7011,16933377,16933382,1678320551516,false
7184939,0.1744000,383,16933383,16933383,1678320552235,false
7184940,0.1744000,383,16933384,16933384,1678320556315,false
7184941,0.1744000,348,16933385,16933385,1678320560236,false
7184942,0.1744000,11970,16933386,16933399,1678320560407,false
7184943,0.1744000,16144,16933400,16933408,1678320560778,true
7184944,0.1743000,3576,16933409,16933411,1678320560778,true
7184945,0.1744000,86,16933412,16933412,1678320563316,false
7184946,0.1744000,348,16933413,16933413,1678320564304,false
7184947,0.1744000,348,16933414,16933415,1678320568238,false
7184948,0.1744000,348,16933416,16933416,1678320570314,false
7184949,0.1744000,348,16933417,16933417,1678320571324,false
7184950,0.1744000,348,16933418,16933418,1678320574257,false
7184951,0.1743000,3782,16933419,16933422,1678320578248,false
7184952,0.1742000,235,16933423,16933424,1678320580211,true
7184953,0.1743000,157,16933425,16933425,1678320582308,false
7184954,0.1743000,3079,16933426,16933426,1678320585284,false
7184955,0.1744000,61,16933427,16933427,1678320586261,false
7184956,0.1744000,5761,16933428,16933431,1678320586582,false
7184957,0.1743000,6416,16933432,16933437,1678320588283,true
7184958,0.1742000,16573,16933438,16933445,1678320588283,true
7184959,0.1741000,14346,16933446,16933452,1678320588283,true
7184960,0.1740000,17782,16933453,16933464,1678320588381,true
7184961,0.1739000,6236,16933465,16933465,1678320588382,true
7184962,0.1741000,4158,16933466,16933468,1678320588484,true
7184963,0.1740000,2792,16933469,16933472,1678320590011,true
7184964,0.1739000,2386,16933473,16933473,1678320590088,true
7184965,0.1740000,5450,16933474,16933477,1678320590106,false
7184966,0.1741000,286,16933478,16933478,1678320590308,false
7184967,0.1741000,12632,16933479,16933485,1678320590699,false
7184968,0.1742000,4902,16933486,16933488,1678320591125,false
7184969,0.1742000,144,16933489,16933490,1678320591144,true
7184970,0.1743000,13007,16933491,16933497,1678320591234,false
7184971,0.1743000,456,16933498,16933499,1678320592503,false
7184972,0.1744000,152,16933500,16933500,1678320592503,false
7184973,0.1744000,3888,16933501,16933503,1678320599443,false
7184974,0.1744000,1534,16933504,16933505,1678320600521,true
7184975,0.1745000,934,16933506,16933508,1678320602889,false
7184976,0.1744000,891,16933509,16933509,1678320602980,true
7184977,0.1745000,3309,16933510,16933513,1678320602997,false
7184978,0.1744000,2835,16933514,16933517,1678320603964,true
7184979,0.1745000,1230,16933518,16933520,1678320604523,false
7184980,0.1744000,2836,16933521,16933523,1678320604560,true
7184981,0.1744000,2674,16933524,16933525,1678320605817,true
7184982,0.1744000,4768,16933526,16933529,1678320608207,false
7184983,0.1743000,6106,16933530,16933535,1678320613072,true
7184984,0.1743000,96,16933536,16933536,1678320616315,false
7184985,0.1743000,4467,16933537,16933539,1678320616536,false
7184986,0.1743000,4591,16933540,16933541,1678320623416,false
7184987,0.1743000,356,16933542,16933542,1678320624256,true
7184988,0.1743000,699,16933543,16933543,1678320630292,true
7184989,0.1744000,4487,16933544,16933545,1678320631666,false
7184990,0.1743000,670,16933546,16933547,1678320631747,true
7184991,0.1744000,5542,16933548,16933549,1678320634588,false
7184992,0.1745000,5162,16933550,16933553,1678320634605,false
7184993,0.1746000,1711,16933554,16933555,1678320642658,false
7184994,0.1745000,94,16933556,16933556,1678320654245,true
7184995,0.1746000,8877,16933557,16933559,1678320662917,false
7184996,0.1746000,1604,16933560,16933560,1678320679204,false
7184997,0.1746000,484,16933561,16933561,1678320682411,false
7184998,0.1747000,922,16933562,16933562,1678320685509,false
7184999,0.1746000,94,16933563,16933563,1678320688249,true
7185000,0.1746000,1760,16933564,16933565,1678320692310,true
7185001,0.1745000,527,16933566,16933567,1678320692999,true
7185002,0.1746000,1257,16933568,16933568,1678320693947,false
7185003,0.1745000,11533,16933569,16933577,1678320696719,true
7185004,0.1744000,575,16933578,16933578,1678320698135,true
7185005,0.1744000,1683,16933579,16933581,1678320699540,false
7185006,0.1743000,2051,16933582,16933585,1678320702073,true
7185007,0.1744000,4038,16933586,16933591,1678320720361,false
7185008,0.1743000,121,16933592,16933593,1678320720522,true
7185009,0.1743000,538,16933594,16933594,1678320723967,true
7185010,0.1743000,4320,16933595,16933597,1678320724082,true
7185011,0.1744000,936,16933598,16933599,1678320727086,false
7185012,0.1745000,2093,16933600,16933602,1678320727994,false
7185013,0.1745000,57,16933603,16933603,1678320730133,true
7185014,0.1746000,286,16933604,16933604,1678320737784,false
7185015,0.1746000,286,16933605,16933605,1678320741192,false
7185016,0.1745000,3681,16933606,16933609,1678320741995,true
7185017,0.1745000,286,16933610,16933610,1678320745011,false
7185018,0.1745000,286,16933611,16933612,1678320748229,false
7185019,0.1745000,115,16933613,16933613,1678320751453,false
7185020,0.1744000,6426,16933614,16933619,1678320751533,true
7185021,0.1744000,286,16933620,16933621,1678320756584,false
7185022,0.1744000,2846,16933622,16933623,1678320761572,false
7185023,0.1744000,143,16933624,16933624,1678320770172,false
7185024,0.1744000,143,16933625,16933625,1678320773488,false
7185025,0.1744000,4239,16933626,16933628,1678320777661,false
7185026,0.1744000,11030,16933629,16933632,1678320782225,true
7185027,0.1745000,5918,16933633,16933636,1678320785610,false
7185028,0.1745000,1130,16933637,16933639,1678320798755,false
7185029,0.1746000,12203,16933640,16933647,1678320798755,false
7185030,0.1746000,138,16933648,16933649,1678320807948,true
7185031,0.1746000,3237,16933650,16933653,1678320810073,true
7185032,0.1746000,9434,16933654,16933655,1678320810273,true
7185033,0.1745000,69,16933656,16933656,1678320810379,true
7185034,0.1745000,69,16933657,16933657,1678320810537,true
7185035,0.1744000,1088,16933658,16933659,1678320814397,true
7185036,0.1744000,258,16933660,16933660,1678320814481,false
7185037,0.1743000,575,16933661,16933661,1678320817633,true
7185038,0.1743000,1790,16933662,16933664,1678320828551,false
7185039,0.1742000,18423,16933665,16933677,1678320828978,true
7185040,0.1742000,5673,16933678,16933683,1678320844890,false
7185041,0.1743000,3099,16933684,16933686,1678320844890,false
7185042,0.1743000,513,16933687,16933687,1678320848219,false
7185043,0.1744000,1289,16933688,16933690,1678320856568,false
7185044,0.1744000,2168,16933691,16933692,1678320859368,false
7185045,0.1745000,270,16933693,16933693,1678320859368,false
7185046,0.1745000,87,16933694,16933694,1678320860110,false
7185047,0.1744000,3648,16933695,16933696,1678320860812,true
7185048,0.1744000,1758,16933697,16933698,1678320861925,true
7185049,0.1744000,953,16933699,16933700,1678320866926,false
7185050,0.1744000,729,16933701,16933702,1678320867306,false
7185051,0.1743000,576,16933703,16933704,1678320879374,true
7185052,0.1743000,4409,16933705,16933708,1678320888064,true
7185053,0.1743000,2213,16933709,16933712,1678320890021,false
7185054,0.1744000,121,16933713,16933713,1678320900541,true
7185055,0.1745000,8797,16933714,16933720,1678320903702,false
7185056,0.1745000,1721,16933721,16933723,1678320903854,true
7185057,0.1746000,1811,16933724,16933726,1678320904769,false
7185058,0.1746000,1759,16933727,16933729,1678320906761,true
7185059,0.1746000,528,16933730,16933730,1678320921055,true
7185060,0.1745000,3436,16933731,16933731,1678320921153,true
7185061,0.1745000,4210,16933732,16933737,1678320927672,true
7185062,0.1745000,700,16933738,16933739,1678320929321,false
7185063,0.1745000,112,16933740,16933740,1678320930310,false
7185064,0.1744000,8772,16933741,16933744,1678320958428,true
7185065,0.1744000,612,16933745,16933746,1678320963584,false
7185066,0.1744000,4121,16933747,16933751,1678320967378,false
7185067,0.1745000,597,16933752,16933753,1678320973510,false
7185068,0.1746000,2384,16933754,16933756,1678320975210,false
7185069,0.1745000,513,16933757,16933757,1678320976953,true
7185070,0.1745000,57,16933758,16933758,1678320977892,false
7185071,0.1744000,513,16933759,16933759,1678320979868,true
7185072,0.1743000,1187,16933760,16933761,1678320981120,true
7185073,0.1743000,102,16933762,16933762,1678320984247,false
7185074,0.1742000,6612,16933763,16933764,1678320985706,true
7185075,0.1741000,9187,16933765,16933771,1678320985713,true
7185076,0.1740000,264,16933772,16933773,1678320988988,true
7185077,0.1740000,530,16933774,16933774,1678320990269,false
7185078,0.1740000,994,16933775,16933776,1678320993337,false
7185079,0.1740000,670,16933777,16933778,1678320995080,false
7185080,0.1741000,10924,16933779,16933786,1678320995359,false
7185081,0.1741000,1826,16933787,16933787,1678320995465,false
7185082,0.1742000,1659,16933788,16933791,1678321016711,true
7185083,0.1742000,233,16933792,16933792,1678321025638,false
7185084,0.1742000,4254,16933793,16933797,1678321029352,true
7185085,0.1741000,513,16933798,16933798,1678321037859,true
7185086,0.1740000,338,16933799,16933799,1678321038956,true
7185087,0.1740000,334,16933800,16933800,1678321044291,false
7185088,0.1740000,78,16933801,16933801,1678321048236,false
7185089,0.1740000,45,16933802,16933802,1678321050355,false
7185090,0.1740000,52,16933803,16933803,1678321076472,false
7185091,0.1740000,644,16933804,16933805,1678321082230,false
7185092,0.1740000,5639,16933806,16933811,1678321083045,false
7185093,0.1741000,770,16933812,16933813,1678321083689,false
7185094,0.1740000,1270,16933814,16933815,1678321087919,true
7185095,0.1740000,38,16933816,16933816,1678321104255,false
7185096,0.1740000,38,16933817,16933817,1678321108298,false
7185097,0.1740000,38,16933818,16933818,1678321110326,false
7185098,0.1739000,16165,16933819,16933827,1678321148386,true
7185099,0.1738000,2622,16933828,16933835,1678321148483,true
7185100,0.1738000,112,16933836,16933836,1678321152323,false
7185101,0.1738000,108,16933837,16933837,1678321156305,false
7185102,0.1737000,364,16933838,16933840,1678321160022,true
7185103,0.1737000,51,16933841,16933841,1678321160420,false
7185104,0.1737000,324,16933842,16933842,1678321163323,false
7185105,0.1737000,318,16933843,16933844,1678321164310,false
7185106,0.1737000,4293,16933845,16933848,1678321167987,false
7185107,0.1738000,221,16933849,16933850,1678321168245,false
7185108,0.1738000,222,16933851,16933851,1678321170323,false
7185109,0.1738000,231,16933852,16933852,1678321171288,false
7185110,0.1738000,235,16933853,16933853,1678321174346,false
7185111,0.1737000,2046,16933854,16933857,1678321174781,true
7185112,0.1737000,242,16933858,16933858,1678321178304,false
7185113,0.1737000,48,16933859,16933859,1678321179079,false
7185114,0.1736000,2351,16933860,16933862,1678321180475,true
7185115,0.1736000,222,16933863,16933863,1678321182228,false
7185116,0.1736000,222,16933864,16933865,1678321186298,false
7185117,0.1736000,95,16933866,16933866,1678321190253,false
7185118,0.1736000,42,16933867,16933867,1678321191208,false
7185119,0.1736000,97,16933868,16933868,1678321193383,false
7185120,0.1736000,97,16933869,16933869,1678321194330,false
7185121,0.1736000,5866,16933870,16933873,1678321194869,false
7185122,0.1737000,97,16933874,16933874,1678321198255,false
7185123,0.1737000,96,16933875,16933875,1678321200352,false
7185124,0.1737000,96,16933876,16933877,1678321201252,false
7185125,0.1737000,583,16933878,16933879,1678321202836,false
7185126,0.1737000,42,16933880,16933880,1678321202965,false
7185127,0.1737000,97,16933881,16933881,1678321204276,false
7185128,0.1737000,5433,16933882,16933886,1678321205888,false
7185129,0.1737000,2000,16933887,16933887,1678321206009,false
7185130,0.1736000,2128,16933888,16933889,1678321206796,true
7185131,0.1737000,42,16933890,16933890,1678321215152,false
7185132,0.1736000,1805,16933891,16933892,1678321221482,true
7185133,0.1736000,42,16933893,16933893,1678321224340,false
7185134,0.1736000,11522,16933894,16933900,1678321230260,false
7185135,0.1737000,81,16933901,16933901,1678321234974,false
7185136,0.1737000,42,16933902,16933902,1678321235468,false
7185137,0.1736000,1057,16933903,16933904,1678321240262,true
7185138,0.1735000,4809,16933905,16933911,1678321240262,true
7185139,0.1736000,42,16933912,16933912,1678321244634,false
7185140,0.1736000,76,16933913,16933913,1678321246098,false
7185141,0.1735000,76,16933914,16933914,1678321248100,false
7185142,0.1735000,9668,16933915,16933919,1678321256350,false
7185143,0.1736000,71,16933920,16933920,1678321259885,false
7185144,0.1736000,261,16933921,16933921,1678321261841,false
7185145,0.1737000,9662,16933922,16933924,1678321263603,false
7185146,0.1737000,2812,16933925,16933926,1678321263736,false
7185147,0.1738000,72,16933927,16933927,1678321263915,false
7185148,0.1738000,76,16933928,16933928,1678321264525,false
7185149,0.1738000,2200,16933929,16933930,1678321266400,true
7185150,0.1738000,71,16933931,16933931,1678321267098,false
7185151,0.1737000,272,16933932,16933932,1678321273639,true
7185152,0.1738000,67,16933933,16933933,1678321273869,false
7185153,0.1738000,147,16933934,16933935,1678321274265,false
7185154,0.1738000,73,16933936,16933936,1678321277469,false
7185155,0.1738000,275,16933937,16933937,1678321284627,false
7185156,0.1738000,76,16933938,16933938,1678321285406,false
7185157,0.1738000,67,16933939,16933939,1678321285997,false
7185158,0.1738000,71,16933940,16933940,1678321287591,false
7185159,0.1738000,71,16933941,16933941,1678321289080,false
7185160,0.1737000,620,16933942,16933943,1678321289905,true
7185161,0.1736000,1088,16933944,16933945,1678321290092,true
7185162,0.1735000,6417,16933946,16933950,1678321293557,false
7185163,0.1736000,3259,16933951,16933952,1678321293759,false
7185164,0.1736000,67,16933953,16933953,1678321295118,false
7185165,0.1736000,76,16933954,16933954,1678321295528,false
7185166,0.1736000,7831,16933955,16933962,1678321296653,false
7185167,0.1737000,71,16933963,16933963,1678321298274,false
7185168,0.1738000,71,16933964,16933964,1678321298714,false
7185169,0.1737000,1129,16933965,16933967,1678321303347,true
7185170,0.1737000,67,16933968,16933968,1678321306915,false
7185171,0.1737000,71,16933969,16933969,1678321307388,false
7185172,0.1737000,71,16933970,16933970,1678321307897,false
7185173,0.1737000,71,16933971,16933971,1678321315125,false
7185174,0.1736000,124,16933972,16933972,1678321315540,true
7185175,0.1736000,514,16933973,16933973,1678321315768,false
7185176,0.1736000,67,16933974,16933975,1678321320155,false
7185177,0.1737000,71,16933976,16933976,1678321326876,false
7185178,0.1737000,67,16933977,16933977,1678321329322,false
7185179,0.1737000,71,16933978,16933978,1678321337998,false
7185180,0.1737000,335,16933979,16933980,1678321340342,false
7185181,0.1738000,92,16933981,16933981,1678321347332,true
7185182,0.1739000,513,16933982,16933982,1678321373922,false
7185183,0.1740000,1308,16933983,16933984,1678321375222,false
7185184,0.1740000,251,16933985,16933989,1678321375748,true
7185185,0.1741000,120,16933990,16933990,1678321392702,false
7185186,0.1742000,1808,16933991,16933992,1678321394079,false
7185187,0.1742000,49,16933993,16933993,1678321412641,false
7185188,0.1743000,2577,16933994,16933995,1678321412766,false
7185189,0.1743000,2577,16933996,16933996,1678321413115,false
7185190,0.1744000,1000,16933997,16933997,1678321416887,false
7185191,0.1744000,538,16933998,16933999,1678321424125,false
7185192,0.1745000,52,16934000,16934000,1678321430763,false
7185193,0.1745000,116,16934001,16934002,1678321437337,false
7185194,0.1745000,581,16934003,16934004,1678321442227,false
7185195,0.1745000,4187,16934005,16934006,1678321442694,false
7185196,0.1746000,2157,16934007,16934010,1678321443539,false
7185197,0.1747000,47,16934011,16934011,1678321444029,false
7185198,0.1747000,3580,16934012,16934015,1678321446517,false
7185199,0.1748000,3831,16934016,16934021,1678321446562,false
7185200,0.1748000,866,16934022,16934023,1678321446681,false
7185201,0.1749000,8213,16934024,16934031,1678321451947,false
7185202,0.1750000,11437,16934032,16934038,1678321451947,false
7185203,0.1749000,3176,16934039,16934041,1678321451964,true
7185204,0.1749000,9377,16934042,16934048,1678321456365,true
7185205,0.1748000,288,16934049,16934049,1678321456517,true
7185206,0.1749000,47,16934050,16934050,1678321457181,false
7185207,0.1749000,47,16934051,16934051,1678321469322,false
7185208,0.1749000,1668,16934052,16934053,1678321478078,false
7185209,0.1751000,3860,16934054,16934060,1678321483418,false
7185210,0.1752000,20498,16934061,16934069,1678321483418,false
7185211,0.1752000,3575,16934070,16934073,1678321488748,true
7185212,0.1752000,47,16934074,16934074,1678321492588,false
7185213,0.1752000,2819,16934075,16934077,1678321497929,false
7185214,0.1754000,47,16934078,16934078,1678321500744,false
7185215,0.1753000,758,16934079,16934081,1678321501092,true
7185216,0.1754000,273,16934082,16934083,1678321501529,false
7185217,0.1754000,895,16934084,16934086,1678321508501,false
7185218,0.1755000,95,16934087,16934087,1678321508511,false
7185219,0.1754000,487,16934088,16934097,1678321508549,true
7185220,0.1754000,413,16934098,16934100,1678321508849,true
7185221,0.1754000,465,16934101,16934101,1678321510700,true
7185222,0.1754000,269,16934102,16934102,1678321511645,false
7185223,0.1753000,204,16934103,16934103,1678321514080,true
7185224,0.1753000,267,16934104,16934105,1678321520020,false
7185225,0.1754000,269,16934106,16934106,1678321521766,false
7185226,0.1753000,1608,16934107,16934108,1678321521825,true
7185227,0.1753000,3534,16934109,16934112,1678321522790,true
7185228,0.1752000,187,16934113,16934113,1678321524360,true
7185229,0.1752000,341,16934114,16934114,1678321530273,true
7185230,0.1753000,269,16934115,16934115,1678321531898,false
7185231,0.1753000,269,16934116,16934116,1678321540084,false
7185232,0.1753000,3136,16934117,16934122,1678321542590,false
7185233,0.1754000,233,16934123,16934124,1678321542848,false
7185234,0.1754000,269,16934125,16934125,1678321550329,false
7185235,0.1754000,2522,16934126,16934127,1678321552948,false
7185236,0.1754000,4991,16934128,16934130,1678321553257,false
7185237,0.1754000,439,16934131,16934131,1678321553433,false
7185238,0.1755000,269,16934132,16934134,1678321558525,false
7185239,0.1755000,84,16934135,16934135,1678321559921,false
7185240,0.1754000,3841,16934136,16934138,1678321566255,true
7185241,0.1754000,34,16934139,16934139,1678321566426,true
7185242,0.1755000,59,16934140,16934140,1678321571584,false
7185243,0.1755000,78,16934141,16934141,1678321574099,false
7185244,0.1755000,1061,16934142,16934146,1678321583549,false
7185245,0.1756000,930,16934147,16934149,1678321583588,false
7185246,0.1756000,53,16934150,16934150,1678321583910,false
7185247,0.1756000,78,16934151,16934151,1678321586257,false
7185248,0.1755000,699,16934152,16934153,1678321594478,true
7185249,0.1755000,53,16934154,16934154,1678321594778,false
7185250,0.1754000,649,16934155,16934156,1678321596590,true
7185251,0.1754000,78,16934157,16934157,1678321599376,false
7185252,0.1754000,46,16934158,16934158,1678321602373,false
7185253,0.1754000,53,16934159,16934159,1678321602527,false
7185254,0.1754000,80,16934160,16934160,1678321602659,false
7185255,0.1754000,142,16934161,16934161,1678321603427,false
7185256,0.1755000,40,16934162,16934162,1678321609608,false
7185257,0.1755000,79,16934163,16934163,1678321610911,false
7185258,0.1755000,53,16934164,16934164,1678321611651,false
7185259,0.1755000,78,16934165,16934165,1678321613571,false
7185260,0.1755000,79,16934166,16934166,1678321618097,false
7185261,0.1755000,53,16934167,16934167,1678321621785,false
7185262,0.1755000,319,16934168,16934170,1678321623773,false
7185263,0.1755000,2906,16934171,16934176,1678321623879,false
7185264,0.1756000,78,16934177,16934177,1678321626695,false
7185265,0.1756000,79,16934178,16934178,1678321630269,false
7185266,0.1756000,40,16934179,16934179,1678321632996,false
7185267,0.1756000,53,16934180,16934180,1678321633978,false
7185268,0.1756000,78,16934181,16934181,1678321637878,false
7185269,0.1756000,79,16934182,16934182,1678321638376,false
7185270,0.1755000,516,16934183,16934183,1678321644490,true
7185271,0.1756000,40,16934184,16934184,1678321647172,false
7185272,0.1756000,79,16934185,16934185,1678321648525,false
7185273,0.1756000,444,16934186,16934188,1678321652562,false
7185274,0.1756000,40,16934189,16934189,1678321655401,false
7185275,0.1756000,79,16934190,16934190,1678321657706,false
7185276,0.1756000,270,16934191,16934191,1678321662430,false
7185277,0.1756000,285,16934192,16934193,1678321664102,false
7185278,0.1756000,509,16934194,16934195,1678321664224,false
7185279,0.1757000,40,16934196,16934196,1678321668573,false
7185280,0.1757000,299,16934197,16934200,1678321673301,false
7185281,0.1757000,2857,16934201,16934203,1678321673672,true
7185282,0.1757000,1187,16934204,16934205,1678321674699,true
7185283,0.1758000,3737,16934206,16934215,1678321674953,false
7185284,0.1759000,922,16934216,16934216,1678321676090,false
7185285,0.1759000,83,16934217,16934218,1678321678069,false
7185286,0.1758000,52,16934219,16934219,1678321678069,true
7185287,0.1759000,718,16934220,16934223,1678321678099,false
7185288,0.1759000,438,16934224,16934233,1678321678231,true
7185289,0.1759000,266,16934234,16934234,1678321682382,true
7185290,0.1759000,3976,16934235,16934239,1678321690735,true
7185291,0.1758000,12942,16934240,16934246,1678321704915,true
7185292,0.1757000,186,16934247,16934247,1678321710073,true
7185293,0.1757000,10007,16934248,16934254,1678321715188,true
7185294,0.1756000,140,16934255,16934255,1678321720113,true
7185295,0.1756000,664,16934256,16934257,1678321722532,true
7185296,0.1757000,496,16934258,16934259,1678321725429,false
7185297,0.1758000,513,16934260,16934260,1678321727769,false
7185298,0.1759000,16,16934261,16934261,1678321727769,false
7185299,0.1758000,3716,16934262,16934264,1678321729067,true
7185300,0.1759000,241,16934265,16934265,1678321739740,false
7185301,0.1759000,350,16934266,16934267,1678321742990,false
7185302,0.1759000,3851,16934268,16934272,1678321744193,false
7185303,0.1759000,5817,16934273,16934276,1678321752249,true
7185304,0.1758000,575,16934277,16934277,1678321753647,true
7185305,0.1758000,228,16934278,16934278,1678321755920,false
7185306,0.1757000,4084,16934279,16934281,1678321778165,true
7185307,0.1757000,54,16934282,16934282,1678321793371,false
7185308,0.1757000,232,16934283,16934283,1678321799296,false
7185309,0.1757000,3403,16934284,16934287,1678321801253,false
7185310,0.1757000,41,16934288,16934288,1678321801461,true
7185311,0.1758000,50,16934289,16934289,1678321801500,false
7185312,0.1758000,100,16934290,16934290,1678321802715,false
7185313,0.1758000,926,16934291,16934292,1678321802930,false
7185314,0.1757000,164,16934293,16934293,1678321804000,true
7185315,0.1757000,3023,16934294,16934296,1678321804764,true
7185316,0.1757000,783,16934297,16934298,1678321806057,true
7185317,0.1758000,50,16934299,16934299,1678321814639,false
7185318,0.1757000,41,16934300,16934300,1678321814858,true
7185319,0.1758000,237,16934301,16934301,1678321817831,false
7185320,0.1758000,4887,16934302,16934304,1678321822176,false
7185321,0.1757000,41,16934305,16934305,1678321822392,true
7185322,0.1758000,50,16934306,16934306,1678321826753,false
7185323,0.1757000,18189,16934307,16934320,1678321832421,true
7185324,0.1756000,575,16934321,16934321,1678321832826,true
7185325,0.1756000,57,16934322,16934322,1678321833697,false
7185326,0.1756000,1945,16934323,16934324,1678321837113,false
7185327,0.1757000,50,16934325,16934325,1678321837878,false
7185328,0.1756000,81,16934326,16934326,1678321844668,true
7185329,0.1757000,51,16934327,16934327,1678321846390,false
7185330,0.1757000,118,16934328,16934328,1678321847854,false
7185331,0.1758000,50,16934329,16934329,1678321847970,false
7185332,0.1758000,50,16934330,16934330,1678321855064,false
7185333,0.1758000,115,16934331,16934332,1678321860500,false
7185334,0.1758000,63,16934333,16934333,1678321869609,false
7185335,0.1758000,51,16934334,16934334,1678321871647,false
7185336,0.1758000,63,16934335,16934335,1678321876867,false
7185337,0.1758000,57,16934336,16934336,1678321878689,false
7185338,0.1758000,51,16934337,16934337,1678321879812,false
7185339,0.1758000,300,16934338,16934339,1678321881582,false
7185340,0.1757000,3013,16934340,16934343,1678321882837,true
7185341,0.1756000,63,16934344,16934344,1678321886050,false
7185342,0.1756000,51,16934345,16934345,1678321889050,false
7185343,0.1755000,5119,16934346,16934349,1678321890232,true
7185344,0.1756000,51,16934350,16934350,1678321890919,false
7185345,0.1755000,5119,16934351,16934353,1678321892428,true
7185346,0.1755000,2326,16934354,16934354,1678321895420,true
7185347,0.1755000,4653,16934355,16934356,1678321896669,true
7185348,0.1754000,2730,16934357,16934359,1678321896801,true
7185349,0.1754000,353,16934360,16934360,1678321896912,true
7185350,0.1754000,1695,16934361,16934364,1678321897016,true
7185351,0.1754000,63,16934365,16934365,1678321899783,false
7185352,0.1754000,51,16934366,16934366,1678321900029,false
7185353,0.1754000,51,16934367,16934367,1678321900164,false
7185354,0.1754000,19192,16934368,16934375,1678321901906,false
7185355,0.1754000,426,16934376,16934377,1678321902054,true
7185356,0.1755000,513,16934378,16934378,1678321903408,false
7185357,0.1755000,1098,16934379,16934381,1678321903814,true
7185358,0.1755000,50,16934382,16934382,1678321905707,false
7185359,0.1755000,63,16934383,16934383,1678321908971,false
7185360,0.1755000,51,16934384,16934384,1678321912264,false
7185361,0.1755000,63,16934385,16934385,1678321916221,false
7185362,0.1755000,44,16934386,16934386,1678321916831,false
7185363,0.1755000,51,16934387,16934387,1678321922377,false
7185364,0.1755000,6058,16934388,16934392,1678321925367,false
7185365,0.1756000,44,16934393,16934393,1678321927014,false
7185366,0.1757000,51,16934394,16934394,1678321931497,false
7185367,0.1756000,2238,16934395,16934397,1678321933667,true
7185368,0.1757000,44,16934398,16934398,1678321935126,false
7185369,0.1757000,51,16934399,16934399,1678321939608,false
7185370,0.1756000,2686,16934400,16934401,1678321940858,true
7185371,0.1757000,44,16934402,16934402,1678321943446,false
7185372,0.1756000,1502,16934403,16934403,1678321943572,true
7185373,0.1756000,44,16934404,16934404,1678321954562,false
7185374,0.1755000,604,16934405,16934406,1678321955728,true
7185375,0.1755000,1930,16934407,16934408,1678321955869,true
7185376,0.1755000,44,16934409,16934409,1678321961748,false
7185377,0.1754000,1273,16934410,16934411,1678321962168,true
7185378,0.1754000,166,16934412,16934412,1678321963239,true
7185379,0.1754000,345,16934413,16934414,1678321965077,true
7185380,0.1754000,1050,16934415,16934416,1678321967745,false
7185381,0.1754000,1515,16934417,16934417,1678321968898,true
7185382,0.1754000,7572,16934418,16934422,1678321970113,true
7185383,0.1753000,1993,16934423,16934423,1678321970765,true
7185384,0.1753000,3434,16934424,16934427,1678321970885,true
7185385,0.1754000,513,16934428,16934428,1678321976965,false
7185386,0.1754000,132,16934429,16934429,1678321977011,true
7185387,0.1754000,1010,16934430,16934430,1678321977373,true
7185388,0.1754000,2607,16934431,16934432,1678321981264,true
7185389,0.1755000,576,16934433,16934434,1678321982175,false
7185390,0.1754000,673,16934435,16934435,1678321983940,true
7185391,0.1755000,2574,16934436,16934437,1678321987682,false
7185392,0.1755000,4693,16934438,16934440,1678321987851,false
7185393,0.1755000,449,16934441,16934441,1678321988099,true
7185394,0.1755000,513,16934442,16934443,1678321988311,true
7185395,0.1755000,385,16934444,16934445,1678321988617,true
7185396,0.1756000,2378,16934446,16934447,1678321989766,false
7185397,0.1757000,2706,16934448,16934450,1678321989993,false
7185398,0.1757000,3971,16934451,16934453,1678322001004,true
7185399,0.1756000,2597,16934454,16934456,1678322007397,true
7185400,0.1755000,232,16934457,16934457,1678322008748,true
7185401,0.1755000,513,16934458,16934458,1678322011350,true
7185402,0.1755000,6044,16934459,16934463,1678322012108,false
7185403,0.1756000,12923,16934464,16934469,1678322012108,false
7185404,0.1757000,6378,16934470,16934473,1678322021328,false
7185405,0.1758000,11579,16934474,16934481,1678322021332,false
7185406,0.1759000,6207,16934482,16934487,1678322021392,false
7185407,0.1759000,2681,16934488,16934490,1678322021402,true
7185408,0.1759000,1331,16934491,16934494,1678322023880,true
7185409,0.1758000,10434,16934495,16934503,1678322023939,true
7185410,0.1758000,5249,16934504,16934505,1678322024090,true
7185411,0.1758000,2042,16934506,16934506,1678322024195,true
7185412,0.1758000,2987,16934507,16934511,1678322029531,false
7185413,0.1759000,4633,16934512,16934516,1678322040397,false
7185414,0.1760000,2154,16934517,16934522,1678322040773,false
7185415,0.1761000,4793,16934523,16934528,1678322040959,false
7185416,0.1761000,41,16934529,16934529,1678322041494,true
7185417,0.1761000,4180,16934530,16934534,1678322048233,true
7185418,0.1760000,2792,16934535,16934538,1678322048436,true
7185419,0.1760000,13179,16934539,16934548,1678322049682,false
7185420,0.1761000,3997,16934549,16934553,1678322050101,false
7185421,0.1760000,100,16934554,16934554,1678322050101,true
7185422,0.1761000,187,16934555,16934555,1678322070679,false
7185423,0.1761000,6732,16934556,16934562,1678322094598,false
7185424,0.1762000,689,16934563,16934568,1678322095289,false
7185425,0.1762000,117,16934569,16934569,1678322095530,true
7185426,0.1762000,312,16934570,16934570,1678322098569,true
7185427,0.1762000,898,16934571,16934572,1678322103524,true
7185428,0.1761000,34,16934573,16934573,1678322103722,true
7185429,0.1762000,34,16934574,16934574,1678322104091,false
7185430,0.1761000,1572,16934575,16934576,1678322111536,true
7185431,0.1761000,42,16934577,16934577,1678322111822,false
7185432,0.1760000,3959,16934578,16934582,1678322119140,true
7185433,0.1759000,5633,16934583,16934588,1678322122297,true
7185434,0.1759000,861,16934589,16934590,1678322124113,false
7185435,0.1759000,40,16934591,16934591,1678322126086,false
7185436,0.1759000,40,16934592,16934592,1678322133227,false
7185437,0.1758000,402,16934593,16934593,1678322134747,true
7185438,0.1759000,40,16934594,16934594,1678322140343,false
7185439,0.1759000,147,16934595,16934595,1678322143649,false
7185440,0.1758000,788,16934596,16934598,1678322144401,true
7185441,0.1757000,2117,16934599,16934600,1678322144460,true
7185442,0.1757000,170,16934601,16934601,1678322152333,true
7185443,0.1757000,40,16934602,16934602,1678322153528,false
7185444,0.1757000,262,16934603,16934604,1678322162479,false
7185445,0.1757000,40,16934605,16934605,1678322163794,false
7185446,0.1757000,39,16934606,16934606,1678322165725,false
7185447,0.1756000,1148,16934607,16934607,1678322170870,true
7185448,0.1757000,40,16934608,16934608,1678322173976,false
7185449,0.1756000,1650,16934609,16934609,1678322176372,true
7185450,0.1756000,51,16934610,16934610,1678322183046,false
7185451,0.1756000,49,16934611,16934611,1678322194153,false
7185452,0.1756000,128,16934612,16934612,1678322195453,false
7185453,0.1755000,726,16934613,16934615,1678322196549,true
7185454,0.1754000,1169,16934616,16934618,1678322204550,true
7185455,0.1754000,49,16934619,16934619,1678322205278,false
7185456,0.1754000,123,16934620,16934620,1678322206639,false
7185457,0.1753000,141,16934621,16934621,1678322208013,true
7185458,0.1752000,4132,16934622,16934625,1678322209890,true
7185459,0.1751000,7309,16934626,16934631,1678322209890,true
7185460,0.1752000,123,16934632,16934632,1678322214790,false
7185461,0.1752000,49,16934633,16934633,1678322217438,false
7185462,0.1750000,1302,16934634,16934638,1678322221693,true
7185463,0.1749000,1093,16934639,16934641,1678322225772,true
7185464,0.1748000,2027,16934642,16934642,1678322225808,true
7185465,0.1748000,837,16934643,16934645,1678322225950,true
7185466,0.1748000,123,16934646,16934646,1678322225983,false
7185467,0.1748000,49,16934647,16934647,1678322227614,false
7185468,0.1747000,8298,16934648,16934650,1678322228087,true
7185469,0.1746000,13427,16934651,16934658,1678322228087,true
7185470,0.1746000,74,16934659,16934659,1678322228239,true
7185471,0.1746000,4256,16934660,16934662,1678322228479,false
7185472,0.1747000,284,16934663,16934663,1678322228681,false
7185473,0.1747000,7716,16934664,16934671,1678322228821,false
7185474,0.1747000,183,16934672,16934672,1678322234496,true
7185475,0.1747000,1587,16934673,16934675,1678322236271,false
7185476,0.1748000,1345,16934676,16934678,1678322238846,false
7185477,0.1748000,3519,16934679,16934681,1678322242326,false
7185478,0.1749000,7968,16934682,16934684,1678322245657,false
7185479,0.1750000,3456,16934685,16934687,1678322246105,true
7185480,0.1750000,2146,16934688,16934689,1678322247419,true
7185481,0.1750000,123,16934690,16934690,1678322248026,false
7185482,0.1749000,48,16934691,16934691,1678322248254,true
7185483,0.1749000,49,16934692,16934692,1678322255493,false
7185484,0.1749000,123,16934693,16934693,1678322256153,false
7185485,0.1749000,640,16934694,16934695,1678322256685,false
7185486,0.1750000,1332,16934696,16934700,1678322259341,true
7185487,0.1749000,1743,16934701,16934703,1678322263046,true
7185488,0.1750000,427,16934704,16934705,1678322271047,false
7185489,0.1750000,19043,16934706,16934713,1678322278676,true
7185490,0.1749000,8678,16934714,16934717,1678322278676,true
7185491,0.1748000,8496,16934718,16934726,1678322278683,true
7185492,0.1747000,1726,16934727,16934727,1678322278762,true
7185493,0.1747000,7198,16934728,16934733,1678322279079,true
7185494,0.1746000,12980,16934734,16934741,1678322279081,true
7185495,0.1746000,4412,16934742,16934747,1678322279466,false
7185496,0.1747000,4061,16934748,16934752,1678322279499,false
7185497,0.1747000,4513,16934753,16934754,1678322279617,true
7185498,0.1746000,9645,16934755,16934761,1678322285174,true
7185499,0.1746000,53,16934762,16934762,1678322290560,false
7185500,0.1745000,4576,16934763,16934769,1678322292472,true
7185501,0.1744000,2757,16934770,16934775,1678322293221,true
7185502,0.1744000,2037,16934776,16934778,1678322296213,false
7185503,0.1745000,52,16934779,16934779,1678322301697,false
7185504,0.1745000,9814,16934780,16934786,1678322306139,false
7185505,0.1746000,8821,16934787,16934796,1678322306307,false
7185506,0.1747000,52,16934797,16934797,1678322309882,false
7185507,0.1747000,3620,16934798,16934801,1678322310616,true
7185508,0.1746000,3933,16934802,16934805,1678322315325,true
7185509,0.1747000,48,16934806,16934806,1678322317489,false
7185510,0.1746000,52,16934807,16934807,1678322321007,false
7185511,0.1745000,1327,16934808,16934809,1678322331628,true
7185512,0.1745000,52,16934810,16934810,1678322332269,false
7185513,0.1744000,588,16934811,16934812,1678322336779,true
7185514,0.1744000,119,16934813,16934813,1678322338289,true
7185515,0.1744000,3148,16934814,16934817,1678322339482,false
7185516,0.1743000,100,16934818,16934818,1678322339914,true
7185517,0.1744000,52,16934819,16934819,1678322340432,false
7185518,0.1744000,2586,16934820,16934824,1678322343681,false
7185519,0.1744000,578,16934825,16934825,1678322343887,true
7185520,0.1744000,5486,16934826,16934835,1678322350743,true
7185521,0.1744000,52,16934836,16934836,1678322351620,false
7185522,0.1744000,2247,16934837,16934839,1678322362984,false
7185523,0.1744000,4053,16934840,16934845,1678322381134,true
7185524,0.1744000,1813,16934846,16934848,1678322384592,false
7185525,0.1744000,1240,16934849,16934851,1678322388826,false
7185526,0.1744000,2958,16934852,16934856,1678322405386,true
7185527,0.1744000,2640,16934857,16934860,1678322419119,false
7185528,0.1745000,1499,16934861,16934863,1678322422873,false
7185529,0.1746000,1341,16934864,16934866,1678322423015,false
7185530,0.1746000,5878,16934867,16934871,1678322427039,false
7185531,0.1747000,999,16934872,16934872,1678322427599,false
7185532,0.1747000,1951,16934873,16934875,1678322430049,true
7185533,0.1746000,121,16934876,16934876,1678322430297,true
7185534,0.1746000,2117,16934877,16934878,1678322430964,true
7185535,0.1745000,513,16934879,16934879,1678322434418,true
7185536,0.1745000,4439,16934880,16934883,1678322436088,false
7185537,0.1745000,295,16934884,16934884,1678322442236,false
7185538,0.1746000,3377,16934885,16934887,1678322445032,false
7185539,0.1746000,231,16934888,16934888,1678322445601,true
7185540,0.1747000,5630,16934889,16934891,1678322448196,false
7185541,0.1749000,2030,16934892,16934894,1678322453571,false
7185542,0.1749000,157,16934895,16934895,1678322454232,true
7185543,0.1749000,288,16934896,16934896,1678322460318,true
7185544,0.1749000,2917,16934897,16934900,1678322472949,false
7185545,0.1749000,89,16934901,16934901,1678322485892,true
7185546,0.1748000,1781,16934902,16934903,1678322512715,true
7185547,0.1748000,8408,16934904,16934907,1678322518684,true
7185548,0.1747000,1088,16934908,16934909,1678322520311,true
7185549,0.1747000,693,16934910,16934911,1678322522754,false
7185550,0.1747000,911,16934912,16934912,1678322523985,false
7185551,0.1746000,1395,16934913,16934915,1678322533121,true
7185552,0.1745000,57,16934916,16934916,1678322533977,true
7185553,0.1744000,3839,16934917,16934920,1678322538276,true
7185554,0.1744000,1477,16934921,16934923,1678322548225,false
7185555,0.1743000,7623,16934924,16934932,1678322549314,true
7185556,0.1743000,140,16934933,16934933,1678322556260,false
7185557,0.1743000,1402,16934934,16934936,1678322557204,true
7185558,0.1743000,877,16934937,16934938,1678322562200,true
7185559,0.1742000,832,16934939,16934943,1678322574220,true
7185560,0.1741000,11597,16934944,16934953,1678322575529,true
7185561,0.1740000,3378,16934954,16934959,1678322577106,true
7185562,0.1739000,6010,16934960,16934966,1678322577106,true
7185563,0.1740000,6599,16934967,16934971,1678322577139,false
7185564,0.1740000,2478,16934972,16934973,1678322579072,true
7185565,0.1740000,178,16934974,16934974,1678322580691,true
7185566,0.1741000,3542,16934975,16934977,1678322588449,false
7185567,0.1741000,4830,16934978,16934979,1678322588550,false
7185568,0.1742000,513,16934980,16934981,1678322596787,false
7185569,0.1743000,8174,16934982,16934986,1678322608289,false
7185570,0.1744000,346,16934987,16934988,1678322608754,false
7185571,0.1744000,2320,16934989,16934991,1678322617270,true
7185572,0.1743000,982,16934992,16934993,1678322621054,true
7185573,0.1743000,666,16934994,16934995,1678322642803,false
7185574,0.1743000,1844,16934996,16934998,1678322643270,true
7185575,0.1744000,872,16934999,16934999,1678322643573,false
7185576,0.1745000,178,16935000,16935000,1678322645439,false
7185577,0.1744000,368,16935001,16935001,1678322665404,true
7185578,0.1745000,3422,16935002,16935005,1678322667591,false
7185579,0.1745000,859,16935006,16935006,1678322668511,false
7185580,0.1744000,5906,16935007,16935012,1678322680399,true
7185581,0.1744000,2233,16935013,16935014,1678322699325,false
7185582,0.1746000,1210,16935015,16935015,1678322702654,false
7185583,0.1746000,933,16935016,16935017,1678322704240,false
7185584,0.1746000,1225,16935018,16935019,1678322704580,false
7185585,0.1747000,573,16935020,16935020,1678322710410,true
7185586,0.1747000,2072,16935021,16935023,1678322713388,true
7185587,0.1748000,1555,16935024,16935024,1678322713392,false
7185588,0.1747000,6305,16935025,16935032,1678322713395,true
7185589,0.1747000,5068,16935033,16935036,1678322716317,false
7185590,0.1748000,9547,16935037,16935044,1678322716332,false
7185591,0.1748000,428,16935045,16935053,1678322716433,true
7185592,0.1749000,1498,16935054,16935058,1678322725224,false
7185593,0.1750000,2871,16935059,16935063,1678322725891,false
7185594,0.1750000,3210,16935064,16935066,1678322726098,false
7185595,0.1750000,2972,16935067,16935071,1678322728334,true
7185596,0.1750000,399,16935072,16935072,1678322728702,false
7185597,0.1750000,1297,16935073,16935075,1678322729274,false
7185598,0.1751000,8677,16935076,16935084,1678322743449,false
7185599,0.1751000,500,16935085,16935085,1678322745073,true
7185600,0.1752000,1988,16935086,16935088,1678322745798,false
7185601,0.1753000,813,16935089,16935091,1678322751975,false
7185602,0.1753000,426,16935092,16935100,1678322752054,true
7185603,0.1754000,303,16935101,16935103,1678322771567,false
7185604,0.1753000,140,16935104,16935105,1678322783703,true
7185605,0.1753000,2899,16935106,16935110,1678322790465,false
7185606,0.1754000,3018,16935111,16935114,1678322798759,false
7185607,0.1754000,5428,16935115,16935116,1678322810836,false
7185608,0.1754000,1279,16935117,16935118,1678322816467,true
7185609,0.1754000,824,16935119,16935119,1678322821162,false
7185610,0.1754000,1963,16935120,16935122,1678322823252,false
7185611,0.1754000,5558,16935123,16935128,1678322844396,true
7185612,0.1754000,125,16935129,16935129,1678322853898,false
7185613,0.1754000,568,16935130,16935131,1678322855078,true
7185614,0.1755000,798,16935132,16935136,1678322858044,false
7185615,0.1756000,2083,16935137,16935141,1678322861678,false
7185616,0.1757000,52,16935142,16935142,1678322872189,false
7185617,0.1757000,52,16935143,16935144,1678322883365,false
7185618,0.1756000,1049,16935145,16935146,1678322883830,true
7185619,0.1757000,52,16935147,16935147,1678322895115,false
7185620,0.1756000,52,16935148,16935148,1678322907366,false
7185621,0.1755000,6107,16935149,16935152,1678322911845,true
7185622,0.1756000,52,16935153,16935153,1678322918520,false
7185623,0.1755000,575,16935154,16935154,1678322919330,true
7185624,0.1755000,52,16935155,16935155,1678322928691,false
7185625,0.1754000,44,16935156,16935156,1678322949080,true
7185626,0.1755000,3440,16935157,16935162,1678322962238,false
7185627,0.1756000,346,16935163,16935163,1678322962536,false
7185628,0.1756000,64,16935164,16935165,1678322969152,false
7185629,0.1756000,60,16935166,16935166,1678322978335,false
7185630,0.1755000,859,16935167,16935168,1678322985564,true
7185631,0.1756000,60,16935169,16935169,1678322989463,false
7185632,0.1755000,262,16935170,16935171,1678322989770,true
7185633,0.1754000,444,16935172,16935172,1678322998432,true
7185634,0.1755000,60,16935173,16935173,1678322998622,false
7185635,0.1754000,80,16935174,16935174,1678323002557,true
7185636,0.1755000,60,16935175,16935175,1678323008742,false
7185637,0.1754000,75,16935176,16935176,1678323015730,true
7185638,0.1754000,970,16935177,16935177,1678323019743,true
7185639,0.1755000,60,16935178,16935178,1678323021922,false
7185640,0.1755000,636,16935179,16935180,1678323022036,false
7185641,0.1754000,2665,16935181,16935182,1678323022459,true
7185642,0.1755000,363,16935183,16935183,1678323022531,false
7185643,0.1754000,75,16935184,16935184,1678323029824,true
7185644,0.1755000,60,16935185,16935185,1678323036041,false
7185645,0.1754000,75,16935186,16935186,1678323039934,true
7185646,0.1755000,581,16935187,16935187,1678323041991,false
7185647,0.1754000,1972,16935188,16935191,1678323054117,true
7185648,0.1754000,196,16935192,16935192,1678323057084,true
7185649,0.1754000,1008,16935193,16935194,1678323057674,true
7185650,0.1753000,717,16935195,16935196,1678323059420,true
7185651,0.1751000,75,16935197,16935197,1678323067230,true
7185652,0.1752000,46,16935198,16935198,1678323067749,false
7185653,0.1753000,2224,16935199,16935200,1678323073667,false
7185654,0.1753000,271,16935201,16935202,1678323075385,true
7185655,0.1755000,57,16935203,16935203,1678323084618,false
7185656,0.1754000,1035,16935204,16935205,1678323099932,true
7185657,0.1753000,118,16935206,16935206,1678323113788,false
7185658,0.1753000,118,16935207,16935207,1678323119871,false
7185659,0.1752000,112,16935208,16935208,1678323124933,false
7185660,0.1752000,112,16935209,16935209,1678323134043,false
7185661,0.1752000,107,16935210,16935210,1678323134785,false
7185662,0.1752000,112,16935211,16935211,1678323137104,false
7185663,0.1752000,286,16935212,16935212,1678323141241,false
7185664,0.1753000,112,16935213,16935213,1678323147184,false
7185665,0.1753000,105,16935214,16935214,1678323147905,false
7185666,0.1753000,112,16935215,16935216,1678323150356,false
7185667,0.1753000,75,16935217,16935217,1678323156143,false
7185668,0.1752000,1389,16935218,16935220,1678323156839,true
7185669,0.1751000,105,16935221,16935221,1678323159092,false
7185670,0.1751000,112,16935222,16935222,1678323161338,false
7185671,0.1751000,3955,16935223,16935227,1678323162762,false
7185672,0.1752000,112,16935228,16935228,1678323163121,false
7185673,0.1751000,1477,16935229,16935231,1678323164345,true
7185674,0.1752000,71,16935232,16935232,1678323164351,false
7185675,0.1752000,127,16935233,16935234,1678323165883,false
7185676,0.1752000,112,16935235,16935236,1678323170861,false
7185677,0.1752000,433,16935237,16935237,1678323170982,false
7185678,0.1753000,112,16935238,16935238,1678323171508,false
7185679,0.1753000,69,16935239,16935239,1678323172176,true
7185680,0.1754000,80,16935240,16935240,1678323173011,false
7185681,0.1754000,105,16935241,16935241,1678323173213,false
7185682,0.1754000,71,16935242,16935242,1678323176471,false
7185683,0.1754000,44,16935243,16935243,1678323178128,false
7185684,0.1754000,112,16935244,16935244,1678323179024,false
7185685,0.1754000,183,16935245,16935246,1678323184622,false
7185686,0.1755000,44,16935247,16935247,1678323186245,false
7185687,0.1755000,105,16935248,16935248,1678323186465,false
7185688,0.1755000,80,16935249,16935249,1678323187178,false
7185689,0.1755000,112,16935250,16935250,1678323194851,false
7185690,0.1755000,44,16935251,16935251,1678323195509,false
7185691,0.1755000,3300,16935252,16935256,1678323195780,false
7185692,0.1757000,71,16935257,16935258,1678323196911,false
7185693,0.1757000,105,16935259,16935259,1678323198718,false
7185694,0.1757000,80,16935260,16935261,1678323201369,false
7185695,0.1756000,2220,16935262,16935264,1678323202375,true
7185696,0.1756000,1527,16935265,16935266,1678323203464,false
7185697,0.1756000,44,16935267,16935267,1678323205340,false
7185698,0.1756000,105,16935268,16935268,1678323207464,false
7185699,0.1756000,71,16935269,16935269,1678323207615,false
7185700,0.1755000,162,16935270,16935270,1678323213546,true
7185701,0.1756000,80,16935271,16935271,1678323214539,false
7185702,0.1756000,44,16935272,16935272,1678323216523,false
7185703,0.1756000,71,16935273,16935273,1678323216799,false
7185704,0.1756000,80,16935274,16935274,1678323224729,false
7185705,0.1756000,44,16935275,16935275,1678323229653,false
7185706,0.1756000,80,16935276,16935276,1678323232905,false
7185707,0.1756000,2733,16935277,16935280,1678323236982,false
7185708,0.1757000,1150,16935281,16935283,1678323241498,true
7185709,0.1758000,12210,16935284,16935296,1678323244707,false
7185710,0.1758000,378,16935297,16935304,1678323244756,true
7185711,0.1759000,368,16935305,16935305,1678323252752,false
7185712,0.1759000,1085,16935306,16935309,1678323255230,false
7185713,0.1759000,3828,16935310,16935314,1678323270513,true
7185714,0.1758000,12214,16935315,16935319,1678323283748,true
7185715,0.1757000,9675,16935320,16935324,1678323283762,true
7185716,0.1758000,328,16935325,16935325,1678323284335,false
7185717,0.1757000,839,16935326,16935328,1678323295302,true
7185718,0.1756000,7314,16935329,16935331,1678323295302,true
7185719,0.1757000,245,16935332,16935332,1678323296984,false
7185720,0.1758000,8354,16935333,16935339,1678323297012,false
7185721,0.1758000,686,16935340,16935340,1678323302709,true
7185722,0.1759000,1294,16935341,16935343,1678323323056,false
7185723,0.1759000,1317,16935344,16935345,1678323335386,true
7185724,0.1758000,50,16935346,16935346,1678323342706,true
7185725,0.1758000,1520,16935347,16935349,1678323347297,true
7185726,0.1757000,1802,16935350,16935351,1678323376886,true
7185727,0.1757000,242,16935352,16935352,1678323378091,false
7185728,0.1756000,3815,16935353,16935358,1678323385020,false
7185729,0.1757000,238,16935359,16935359,1678323385814,false
7185730,0.1757000,33,16935360,16935360,1678323392288,false
7185731,0.1758000,238,16935361,16935361,1678323393983,false
7185732,0.1758000,238,16935362,16935362,1678323403247,false
7185733,0.1757000,3572,16935363,16935366,1678323406562,true
7185734,0.1756000,13537,16935367,16935375,1678323409595,true
7185735,0.1756000,238,16935376,16935376,1678323411421,false
7185736,0.1756000,54,16935377,16935377,1678323421119,false
7185737,0.1756000,238,16935378,16935378,1678323421676,false
7185738,0.1756000,571,16935379,16935380,1678323422820,false
7185739,0.1757000,853,16935381,16935381,1678323433174,false
7185740,0.1758000,1128,16935382,16935382,1678323433495,false
7185741,0.1758000,54,16935383,16935383,1678323434240,false
7185742,0.1758000,461,16935384,16935384,1678323434689,false
7185743,0.1759000,238,16935385,16935385,1678323434766,false
7185744,0.1759000,4450,16935386,16935388,1678323445004,false
7185745,0.1760000,550,16935389,16935393,1678323445004,false
7185746,0.1760000,54,16935394,16935394,1678323448337,false
7185747,0.1759000,1991,16935395,16935398,1678323452877,true
7185748,0.1759000,76,16935399,16935399,1678323458353,false
7185749,0.1759000,54,16935400,16935400,1678323458536,false
7185750,0.1759000,115,16935401,16935401,1678323464513,false
7185751,0.1759000,73,16935402,16935402,1678323470584,false
7185752,0.1759000,54,16935403,16935403,1678323470710,false
7185753,0.1759000,3176,16935404,16935407,1678323470964,false
7185754,0.1760000,114,16935408,16935408,1678323475718,false
7185755,0.1759000,2043,16935409,16935411,1678323476886,true
7185756,0.1759000,54,16935412,16935412,1678323481821,false
7185757,0.1759000,229,16935413,16935414,1678323482841,false
7185758,0.1759000,73,16935415,16935415,1678323484693,false
7185759,0.1759000,54,16935416,16935416,1678323490005,false
7185760,0.1758000,609,16935417,16935418,1678323492861,true
7185761,0.1757000,6728,16935419,16935422,1678323492948,true
7185762,0.1757000,575,16935423,16935423,1678323493076,true
7185763,0.1757000,1256,16935424,16935424,1678323493109,false
7185764,0.1758000,152,16935425,16935425,1678323493109,false
7185765,0.1756000,506,16935426,16935426,1678323493916,true
7185766,0.1756000,223,16935427,16935428,1678323494996,false
7185767,0.1755000,1813,16935429,16935430,1678323495100,true
7185768,0.1756000,87,16935431,16935431,1678323495754,false
7185769,0.1756000,72,16935432,16935432,1678323496629,false
7185770,0.1756000,73,16935433,16935433,1678323498789,false
7185771,0.1756000,992,16935434,16935436,1678323501275,false
7185772,0.1757000,68,16935437,16935437,1678323503893,false
7185773,0.1757000,2700,16935438,16935441,1678323503996,false
7185774,0.1758000,114,16935442,16935442,1678323505688,false
7185775,0.1758000,86,16935443,16935443,1678323506479,false
7185776,0.1758000,73,16935444,16935444,1678323506887,false
7185777,0.1758000,109,16935445,16935446,1678323509864,false
7185778,0.1757000,30,16935447,16935447,1678323510376,true
7185779,0.1758000,575,16935448,16935448,1678323513826,false
7185780,0.1759000,114,16935449,16935449,1678323513967,false
7185781,0.1759000,73,16935450,16935450,1678323517082,false
7185782,0.1759000,154,16935451,16935452,1678323518658,false
7185783,0.1759000,109,16935453,16935453,1678323523098,false
7185784,0.1759000,114,16935454,16935454,1678323524229,false
7185785,0.1759000,86,16935455,16935455,1678323525911,false
7185786,0.1759000,68,16935456,16935456,1678323526852,false
7185787,0.1758000,406,16935457,16935457,1678323527950,true
7185788,0.1758000,48,16935458,16935458,1678323529794,false
7185789,0.1758000,73,16935459,16935459,1678323531273,false
7185790,0.1758000,68,16935460,16935460,1678323534050,false
7185791,0.1758000,109,16935461,16935461,1678323536280,false
7185792,0.1757000,186,16935462,16935462,1678323537288,true
7185793,0.1758000,86,16935463,16935463,1678323537647,false
7185794,0.1758000,109,16935464,16935464,1678323544461,false
7185795,0.1757000,513,16935465,16935465,1678323546059,true
7185796,0.1756000,327,16935466,16935466,1678323546230,true
7185797,0.1756000,64,16935467,16935467,1678323546569,false
7185798,0.1757000,68,16935468,16935468,1678323548233,false
7185799,0.1757000,86,16935469,16935469,1678323549847,false
7185800,0.1757000,204,16935470,16935470,1678323551154,false
7185801,0.1757000,109,16935471,16935471,1678323555578,false
7185802,0.1757000,86,16935472,16935472,1678323557976,false
7185803,0.1757000,61,16935473,16935473,1678323559980,false
7185804,0.1757000,126,16935474,16935475,1678323561358,false
7185805,0.1757000,57,16935476,16935476,1678323570152,false
7185806,0.1757000,76,16935477,16935477,1678323572603,false
7185807,0.1757000,58,16935478,16935478,1678323573514,false
7185808,0.1756000,8044,16935479,16935487,1678323577690,true
7185809,0.1755000,5919,16935488,16935494,1678323577755,true
7185810,0.1754000,2345,16935495,16935496,1678323578486,true
7185811,0.1754000,1579,16935497,16935502,1678323579296,true
7185812,0.1754000,445,16935503,16935503,1678323579413,true
7185813,0.1754000,57,16935504,16935504,1678323580338,false
7185814,0.1754000,58,16935505,16935505,1678323582681,false
7185815,0.1753000,73,16935506,16935506,1678323584778,false
7185816,0.1753000,1235,16935507,16935510,1678323587466,false
7185817,0.1754000,57,16935511,16935511,1678323593512,false
7185818,0.1754000,58,16935512,16935512,1678323593845,false
7185819,0.1754000,73,16935513,16935513,1678323596954,false
7185820,0.1754000,57,16935514,16935514,1678323600682,false
7185821,0.1754000,300,16935515,16935515,1678323602974,false
7185822,0.1754000,1240,16935516,16935517,1678323603707,false
7185823,0.1754000,146,16935518,16935518,1678323603995,false
7185824,0.1755000,539,16935519,16935519,1678323603995,false
7185825,0.1754000,1829,16935520,16935521,1678323604530,true
7185826,0.1754000,3677,16935522,16935524,1678323605096,true
7185827,0.1755000,768,16935525,16935525,1678323605810,false
7185828,0.1754000,58,16935526,16935526,1678323606949,false
7185829,0.1754000,73,16935527,16935527,1678323611122,false
7185830,0.1753000,1008,16935528,16935530,1678323611201,true
7185831,0.1753000,977,16935531,16935532,1678323614766,true
7185832,0.1754000,57,16935533,16935533,1678323614887,false
7185833,0.1753000,1134,16935534,16935536,1678323616483,true
7185834,0.1754000,58,16935537,16935537,1678323618693,false
7185835,0.1754000,56,16935538,16935538,1678323622104,false
7185836,0.1753000,4184,16935539,16935544,1678323622767,true
7185837,0.1753000,1048,16935545,16935545,1678323622858,false
7185838,0.1752000,1466,16935546,16935547,1678323623257,true
7185839,0.1753000,73,16935548,16935548,1678323623313,false
7185840,0.1753000,896,16935549,16935551,1678323624190,false
7185841,0.1753000,2202,16935552,16935553,1678323624758,false
7185842,0.1753000,57,16935554,16935554,1678323628060,false
7185843,0.1753000,538,16935555,16935556,1678323630125,false
7185844,0.1752000,435,16935557,16935557,1678323630279,true
7185845,0.1753000,249,16935558,16935558,1678323630367,false
7185846,0.1753000,936,16935559,16935559,1678323634512,false
7185847,0.1753000,56,16935560,16935560,1678323636345,false
7185848,0.1753000,114,16935561,16935562,1678323636578,false
7185849,0.1753000,884,16935563,16935564,1678323637954,false
7185850,0.1752000,83,16935565,16935566,1678323642219,true
7185851,0.1752000,3414,16935567,16935571,1678323644328,true
7185852,0.1752000,41,16935572,16935572,1678323645778,false
7185853,0.1752000,5245,16935573,16935580,1678323646076,false
7185854,0.1753000,73,16935581,16935581,1678323647707,false
7185855,0.1753000,846,16935582,16935584,1678323649665,false
7185856,0.1753000,41,16935585,16935585,1678323652966,false
7185857,0.1753000,41,16935586,16935586,1678323661121,false
7185858,0.1753000,56,16935587,16935587,1678323662345,false
7185859,0.1753000,41,16935588,16935588,1678323669308,false
7185860,0.1753000,56,16935589,16935589,1678323673478,false
7185861,0.1753000,41,16935590,16935590,1678323679467,false
7185862,0.1753000,50,16935591,16935591,1678323685577,false
7185863,0.1753000,56,16935592,16935592,1678323685697,false
7185864,0.1753000,41,16935593,16935593,1678323688777,false
7185865,0.1753000,61,16935594,16935594,1678323694390,false
7185866,0.1753000,56,16935595,16935595,1678323694880,false
7185867,0.1753000,57,16935596,16935596,1678323701566,false
7185868,0.1753000,1196,16935597,16935600,1678323702963,false
7185869,0.1754000,57,16935601,16935601,1678323714706,false
7185870,0.1754000,582,16935602,16935603,1678323722078,false
7185871,0.1754000,57,16935604,16935604,1678323724824,false
7185872,0.1754000,778,16935605,16935605,1678323725480,false
7185873,0.1753000,2285,16935606,16935608,1678323725504,true
7185874,0.1753000,57,16935609,16935609,1678323737985,false
7185875,0.1752000,1809,16935610,16935612,1678323740778,true
7185876,0.1751000,856,16935613,16935613,1678323740999,true
7185877,0.1750000,586,16935614,16935615,1678323740999,true
7185878,0.1750000,278,16935616,16935618,1678323745331,true
7185879,0.1750000,4217,16935619,16935625,1678323749175,false
7185880,0.1751000,57,16935626,16935626,1678323750174,false
7185881,0.1751000,173,16935627,16935628,1678323750289,false
7185882,0.1752000,57,16935629,16935629,1678323759346,false
7185883,0.1751000,53,16935630,16935630,1678323759632,true
7185884,0.1751000,82,16935631,16935631,1678323760304,false
7185885,0.1751000,76,16935632,16935632,1678323767439,false
7185886,0.1751000,76,16935633,16935633,1678323776564,false
7185887,0.1750000,350,16935634,16935635,1678323778068,true
7185888,0.1750000,151,16935636,16935637,1678323782524,true
7185889,0.1750000,642,16935638,16935638,1678323782733,false
7185890,0.1750000,76,16935639,16935639,1678323787695,false
7185891,0.1750000,792,16935640,16935640,1678323791598,false
7185892,0.1751000,76,16935641,16935641,1678323798891,false
7185893,0.1750000,584,16935642,16935642,1678323801048,true
7185894,0.1750000,2294,16935643,16935645,1678323807216,true
7185895,0.1750000,59,16935646,16935647,1678323807373,true
7185896,0.1750000,83,16935648,16935648,1678323810303,false
7185897,0.1751000,76,16935649,16935649,1678323811199,false
7185898,0.1751000,1776,16935650,16935652,1678323821198,false
7185899,0.1751000,76,16935653,16935653,1678323825908,false
7185900,0.1751000,3674,16935654,16935658,1678323836164,false
7185901,0.1752000,34,16935659,16935659,1678323840391,false
7185902,0.1752000,1141,16935660,16935662,1678323840597,true
7185903,0.1752000,62,16935663,16935663,1678323858848,true
7185904,0.1752000,12147,16935664,16935674,1678323863954,true
7185905,0.1751000,2577,16935675,16935677,1678323864287,true
7185906,0.1750000,59,16935678,16935678,1678323871949,true
7185907,0.1749000,59,16935679,16935679,1678323884071,true
7185908,0.1749000,622,16935680,16935680,1678323891218,true
7185909,0.1749000,1141,16935681,16935684,1678323893997,true
7185910,0.1749000,75,16935685,16935685,1678323894347,false
7185911,0.1748000,59,16935686,16935686,1678323895167,true
7185912,0.1748000,146,16935687,16935689,1678323898208,true
7185913,0.1747000,1144,16935690,16935692,1678323899069,true
7185914,0.1748000,170,16935693,16935693,1678323900254,false
7185915,0.1747000,1527,16935694,16935696,1678323901084,true
7185916,0.1748000,285,16935697,16935697,1678323901084,false
7185917,0.1748000,647,16935698,16935700,1678323902318,false
7185918,0.1748000,2625,16935701,16935702,1678323902954,false
7185919,0.1749000,2126,16935703,16935705,1678323904100,false
7185920,0.1749000,59,16935706,16935706,1678323908277,true
7185921,0.1750000,499,16935707,16935707,1678323913351,false
7185922,0.1750000,59,16935708,16935708,1678323915369,true
7185923,0.1751000,541,16935709,16935710,1678323921865,false
7185924,0.1750000,59,16935711,16935711,1678323923480,true
7185925,0.1750000,4266,16935712,16935721,1678323929832,true
7185926,0.1749000,629,16935722,16935723,1678323938613,true
7185927,0.1749000,68,16935724,16935724,1678323944252,false
7185928,0.1749000,398,16935725,16935725,1678323948940,false
7185929,0.1749000,6378,16935726,16935728,1678323953966,true
7185930,0.1749000,631,16935729,16935730,1678323963662,false
7185931,0.1750000,995,16935731,16935733,1678323988183,true
7185932,0.1750000,4957,16935734,16935738,1678323988199,false
7185933,0.1751000,66,16935739,16935739,1678323996917,false
7185934,0.1750000,132,16935740,16935740,1678324000427,true
7185935,0.1750000,2275,16935741,16935743,1678324003096,true
7185936,0.1750000,1309,16935744,16935746,1678324006550,false
7185937,0.1749000,1036,16935747,16935748,1678324009153,true
7185938,0.1749000,60,16935749,16935749,1678324010047,false
7185939,0.1749000,60,16935750,16935750,1678324019282,false
7185940,0.1749000,60,16935751,16935751,1678324030392,false
7185941,0.1749000,60,16935752,16935753,1678324037551,false
7185942,0.1749000,47,16935754,16935754,1678324045403,false
7185943,0.1749000,60,16935755,16935755,1678324048659,false
7185944,0.1749000,60,16935756,16935756,1678324056753,false
7185945,0.1749000,3930,16935757,16935758,1678324058160,false
7185946,0.1750000,45,16935759,16935759,1678324058581,false
7185947,0.1750000,275,16935760,16935760,1678324059896,false
7185948,0.1749000,2799,16935761,16935763,1678324064134,true
7185949,0.1749000,2441,16935764,16935767,1678324064269,true
7185950,0.1748000,215,16935768,16935768,1678324064914,true
7185951,0.1749000,74,16935769,16935769,1678324065864,false
7185952,0.1748000,1414,16935770,16935772,1678324066743,true
7185953,0.1748000,45,16935773,16935773,1678324067691,false
7185954,0.1748000,2485,16935774,16935777,1678324070193,false
7185955,0.1748000,5002,16935778,16935783,1678324070254,true
7185956,0.1749000,45,16935784,16935784,1678324075439,false
7185957,0.1749000,69,16935785,16935785,1678324079130,false
7185958,0.1748000,615,16935786,16935787,1678324083413,false
7185959,0.1748000,69,16935788,16935788,1678324086254,false
7185960,0.1748000,45,16935789,16935789,1678324086580,false
7185961,0.1748000,69,16935790,16935790,1678324094428,false
7185962,0.1748000,45,16935791,16935791,1678324100752,false
7185963,0.1748000,69,16935792,16935792,1678324101600,false
7185964,0.1747000,2389,16935793,16935796,1678324103041,true
7185965,0.1746000,4507,16935797,16935800,1678324103041,true
7185966,0.1746000,601,16935801,16935802,1678324105126,true
7185967,0.1745000,396,16935803,16935804,1678324107518,true
7185968,0.1745000,2630,16935805,16935805,1678324107614,false
7185969,0.1745000,2642,16935806,16935808,1678324108206,true
7185970,0.1745000,69,16935809,16935809,1678324109723,false
7185971,0.1745000,45,16935810,16935810,1678324109866,false
7185972,0.1744000,2715,16935811,16935815,1678324111625,true
7185973,0.1743000,2412,16935816,16935820,1678324111709,true
7185974,0.1743000,2059,16935821,16935824,1678324112118,true
7185975,0.1743000,101,16935825,16935825,1678324114477,false
7185976,0.1743000,2817,16935826,16935829,1678324114601,false
7185977,0.1742000,893,16935830,16935834,1678324114670,true
7185978,0.1743000,466,16935835,16935835,1678324114728,false
7185979,0.1744000,4568,16935836,16935839,1678324115052,false
7185980,0.1745000,656,16935840,16935841,1678324115621,false
7185981,0.1745000,932,16935842,16935843,1678324115659,true
7185982,0.1745000,1775,16935844,16935845,1678324115775,true
7185983,0.1745000,7893,16935846,16935849,1678324116624,false
7185984,0.1746000,11169,16935850,16935852,1678324116835,false
7185985,0.1746000,570,16935853,16935853,1678324117605,false
7185986,0.1747000,570,16935854,16935854,1678324118571,false
7185987,0.1748000,49,16935855,16935855,1678324119978,false
7185988,0.1748000,49,16935856,16935856,1678324120329,true
7185989,0.1748000,2600,16935857,16935858,1678324121338,false
7185990,0.1749000,69,16935859,16935860,1678324124461,false
7185991,0.1748000,4789,16935861,16935868,1678324124980,true
7185992,0.1748000,466,16935869,16935869,1678324128079,false
7185993,0.1748000,662,16935870,16935872,1678324134636,true
7185994,0.1747000,9015,16935873,16935879,1678324137166,true
7185995,0.1747000,466,16935880,16935880,1678324139504,false
7185996,0.1748000,7708,16935881,16935885,1678324139537,false
7185997,0.1748000,2350,16935886,16935890,1678324143519,true
7185998,0.1748000,3091,16935891,16935893,1678324145900,false
7185999,0.1748000,171,16935894,16935894,1678324155308,true
7186000,0.1748000,490,16935895,16935896,1678324169678,true
7186001,0.1748000,67,16935897,16935897,1678324174038,true
7186002,0.1748000,3623,16935898,16935900,1678324179492,true
7186003,0.1747000,855,16935901,16935902,1678324179498,true
7186004,0.1748000,2804,16935903,16935905,1678324181177,false
7186005,0.1748000,64,16935906,16935906,1678324181297,true
7186006,0.1749000,51041,16935907,16935922,1678324185478,false
7186007,0.1749000,64,16935923,16935923,1678324189532,true
7186008,0.1749000,64,16935924,16935924,1678324198236,true
7186009,0.1750000,850,16935925,16935927,1678324202778,false
7186010,0.1749000,2800,16935928,16935931,1678324203216,true
7186011,0.1748000,4364,16935932,16935936,1678324204909,true
7186012,0.1748000,110,16935937,16935937,1678324205496,false
7186013,0.1747000,64,16935938,16935938,1678324211420,true
7186014,0.1747000,57,16935939,16935939,1678324212057,true
7186015,0.1748000,109,16935940,16935940,1678324218218,false
7186016,0.1747000,1131,16935941,16935943,1678324223056,true
7186017,0.1746000,6695,16935944,16935947,1678324223378,true
7186018,0.1746000,353,16935948,16935948,1678324224324,false
7186019,0.1745000,64,16935949,16935949,1678324224502,true
7186020,0.1746000,95,16935950,16935950,1678324227262,false
7186021,0.1746000,290,16935951,16935953,1678324228271,false
7186022,0.1746000,257,16935954,16935954,1678324230261,false
7186023,0.1746000,180,16935955,16935955,1678324231324,false
7186024,0.1746000,79,16935956,16935956,1678324234279,false
7186025,0.1746000,109,16935957,16935957,1678324235479,false
7186026,0.1746000,181,16935958,16935958,1678324238265,false
7186027,0.1745000,64,16935959,16935959,1678324238673,true
7186028,0.1745000,1044,16935960,16935962,1678324240928,true
7186029,0.1745000,181,16935963,16935963,1678324242309,false
7186030,0.1745000,109,16935964,16935964,1678324242651,false
7186031,0.1745000,2666,16935965,16935966,1678324245213,true
7186032,0.1745000,180,16935967,16935967,1678324246243,false
7186033,0.1745000,31,16935968,16935968,1678324247969,false
7186034,0.1746000,85,16935969,16935969,1678324250327,false
7186035,0.1745000,239,16935970,16935970,1678324251836,true
7186036,0.1746000,83,16935971,16935971,1678324253323,false
7186037,0.1746000,109,16935972,16935972,1678324254760,false
7186038,0.1745000,4374,16935973,16935976,1678324260583,true
7186039,0.1744000,1570,16935977,16935978,1678324260645,true
7186040,0.1744000,193,16935979,16935979,1678324261243,false
7186041,0.1745000,96,16935980,16935980,1678324264290,false
7186042,0.1746000,109,16935981,16935981,1678324266417,false
7186043,0.1745000,875,16935982,16935982,1678324271374,true
7186044,0.1746000,694,16935983,16935984,1678324285244,false
7186045,0.1746000,7018,16935985,16935986,1678324285452,false
7186046,0.1746000,8823,16935987,16935988,1678324285576,false
7186047,0.1746000,2034,16935989,16935990,1678324285697,false
7186048,0.1746000,993,16935991,16935991,1678324292138,false
7186049,0.1746000,111445,16935992,16936003,1678324302258,false
7186050,0.1747000,3093,16936004,16936005,1678324302288,false
7186051,0.1748000,3257,16936006,16936009,1678324302288,false
7186052,0.1749000,7330,16936010,16936013,1678324302362,false
7186053,0.1749000,8945,16936014,16936017,1678324311771,false
7186054,0.1749000,2096,16936018,16936019,1678324322821,false
7186055,0.1749000,1424,16936020,16936020,1678324322925,false
7186056,0.1749000,23299,16936021,16936022,1678324323405,false
7186057,0.1749000,4981,16936023,16936024,1678324323531,false
7186058,0.1749000,6511,16936025,16936027,1678324323925,false
7186059,0.1749000,2241,16936028,16936028,1678324324210,false
7186060,0.1749000,1142,16936029,16936029,1678324324370,false
7186061,0.1748000,19450,16936030,16936042,1678324326761,true
7186062,0.1747000,1297,16936043,16936044,1678324326761,true
7186063,0.1748000,246,16936045,16936046,1678324326772,false
7186064,0.1748000,2258,16936047,16936048,1678324350702,true
7186065,0.1748000,2949,16936049,16936052,1678324364905,true
7186066,0.1749000,5720,16936053,16936053,1678324384969,false
7186067,0.1749000,1142,16936054,16936054,1678324390927,false
7186068,0.1749000,61,16936055,16936055,1678324391238,false
7186069,0.1749000,303,16936056,16936057,1678324392605,false
7186070,0.1749000,2151,16936058,16936060,1678324412485,true
7186071,0.1750000,897,16936061,16936062,1678324443956,false
7186072,0.1749000,725,16936063,16936063,1678324462558,true
7186073,0.1750000,5453,16936064,16936066,1678324502730,false
7186074,0.1750000,692,16936067,16936067,1678324504134,false
7186075,0.1750000,3554,16936068,16936069,1678324504469,false
7186076,0.1750000,82,16936070,16936070,1678324505987,false
7186077,0.1750000,154,16936071,16936071,1678324506098,false
7186078,0.1750000,67,16936072,16936072,1678324509789,false
7186079,0.1751000,5967,16936073,16936076,1678324509793,false
7186080,0.1751000,5146,16936077,16936080,1678324509894,false
7186081,0.1751000,1242,16936081,16936081,1678324509995,false
7186082,0.1751000,1254,16936082,16936082,1678324524241,true
7186083,0.1751000,753,16936083,16936083,1678324528369,true
7186084,0.1751000,1756,16936084,16936085,1678324530334,true
7186085,0.1751000,252,16936086,16936087,1678324538326,true
7186086,0.1751000,102,16936088,16936088,1678324545284,true
7186087,0.1752000,3056,16936089,16936091,1678324562693,false
7186088,0.1752000,370,16936092,16936092,1678324562866,false
7186089,0.1752000,782,16936093,16936093,1678324563516,false
