agg_trade_id,price,quantity,first_trade_id,last_trade_id,transact_time,is_buyer_maker
7215305,0.1532000,5083,17012842,17012846,1678406400136,false
7215306,0.1533000,1281,17012847,17012848,1678406400136,false
7215307,0.1532000,6507,17012849,17012850,1678406400147,false
7215308,0.1532000,4030,17012851,17012854,1678406400186,true
7215309,0.1531000,2478,17012855,17012856,1678406400186,true
7215310,0.1532000,2531,17012857,17012859,1678406400315,false
7215311,0.1531000,2088,17012860,17012860,1678406404190,true
7215312,0.1533000,2552,17012861,17012864,1678406404427,false
7215313,0.1532000,968,17012865,17012867,1678406404464,true
7215314,0.1533000,3417,17012868,17012870,1678406404504,false
7215315,0.1534000,10466,17012871,17012878,1678406404617,false
7215316,0.1533000,2706,17012879,17012880,1678406404618,true
7215317,0.1532000,288,17012881,17012881,1678406404624,true
7215318,0.1531000,1292,17012882,17012884,1678406404624,true
7215319,0.1533000,288,17012885,17012885,1678406404738,true
7215320,0.1531000,7175,17012886,17012888,1678406404738,true
7215321,0.1533000,6300,17012889,17012890,1678406406954,false
7215322,0.1534000,5364,17012891,17012892,1678406406954,false
7215323,0.1535000,3139,17012893,17012895,1678406407020,false
7215324,0.1534000,288,17012896,17012896,1678406407213,true
7215325,0.1533000,576,17012897,17012898,1678406407213,true
7215326,0.1532000,1351,17012899,17012899,1678406407213,true
7215327,0.1533000,882,17012900,17012901,1678406407523,false
7215328,0.1534000,814,17012902,17012903,1678406407674,false
7215329,0.1534000,2201,17012904,17012904,1678406408915,false
7215330,0.1534000,4326,17012905,17012907,1678406409569,false
7215331,0.1535000,1907,17012908,17012908,1678406409644,false
7215332,0.1535000,3477,17012909,17012911,1678406409839,false
7215333,0.1534000,2069,17012912,17012913,1678406409891,true
7215334,0.1535000,3750,17012914,17012917,1678406410718,false
7215335,0.1535000,2799,17012918,17012921,1678406413588,false
7215336,0.1534000,7305,17012922,17012926,1678406413637,true
7215337,0.1535000,5670,17012927,17012931,1678406413848,false
7215338,0.1534000,11641,17012932,17012933,1678406414423,true
7215339,0.1534000,663,17012934,17012934,1678406414721,true
7215340,0.1534000,151,17012935,17012935,1678406416272,true
7215341,0.1535000,13279,17012936,17012944,1678406418125,false
7215342,0.1536000,3463,17012945,17012946,1678406418242,false
7215343,0.1535000,7267,17012947,17012951,1678406419688,true
7215344,0.1535000,54,17012952,17012952,1678406420178,true
7215345,0.1535000,6856,17012953,17012955,1678406420514,true
7215346,0.1536000,4117,17012956,17012959,1678406421157,false
7215347,0.1536000,200,17012960,17012960,1678406424241,true
7215348,0.1537000,4271,17012961,17012965,1678406424835,false
7215349,0.1536000,4862,17012966,17012969,1678406425256,true
7215350,0.1537000,2874,17012970,17012972,1678406425526,false
7215351,0.1536000,2339,17012973,17012975,1678406425892,true
7215352,0.1537000,9497,17012976,17012982,1678406426052,false
7215353,0.1538000,6772,17012983,17012987,1678406426678,false
7215354,0.1538000,200,17012988,17012988,1678406428254,true
7215355,0.1539000,12592,17012989,17012998,1678406428863,false
7215356,0.1539000,200,17012999,17012999,1678406430345,true
7215357,0.1540000,2471,17013000,17013001,1678406430845,false
7215358,0.1539000,666,17013002,17013002,1678406430969,true
7215359,0.1540000,2577,17013003,17013006,1678406431272,false
7215360,0.1539000,157,17013007,17013007,1678406431312,true
7215361,0.1540000,14896,17013008,17013021,1678406431629,false
7215362,0.1540000,103,17013022,17013022,1678406431865,true
7215363,0.1541000,2134,17013023,17013025,1678406432758,false
7215364,0.1541000,3238,17013026,17013028,1678406433162,false
7215365,0.1541000,3104,17013029,17013031,1678406434105,true
7215366,0.1541000,271,17013032,17013032,1678406434264,true
7215367,0.1542000,8419,17013033,17013042,1678406434625,false
7215368,0.1542000,682,17013043,17013044,1678406434941,true
7215369,0.1542000,496,17013045,17013046,1678406435243,true
7215370,0.1542000,72,17013047,17013047,1678406435559,true
7215371,0.1543000,1347,17013048,17013053,1678406435697,false
7215372,0.1542000,1851,17013054,17013055,1678406436186,true
7215373,0.1542000,614,17013056,17013057,1678406436195,false
7215374,0.1541000,326,17013058,17013058,1678406436282,true
7215375,0.1541000,269,17013059,17013059,1678406437323,true
7215376,0.1541000,200,17013060,17013060,1678406438310,true
7215377,0.1541000,270,17013061,17013061,1678406439289,true
7215378,0.1542000,3953,17013062,17013065,1678406439737,false
7215379,0.1541000,5426,17013066,17013068,1678406440117,true
7215380,0.1542000,3245,17013069,17013070,1678406440691,false
7215381,0.1541000,268,17013071,17013071,1678406441259,true
7215382,0.1541000,271,17013072,17013073,1678406442250,true
7215383,0.1542000,2495,17013074,17013076,1678406442305,false
7215384,0.1542000,4266,17013077,17013081,1678406442421,false
7215385,0.1543000,20883,17013082,17013088,1678406442421,false
7215386,0.1544000,1159,17013089,17013092,1678406442421,false
7215387,0.1543000,496,17013093,17013093,1678406443246,true
7215388,0.1544000,11722,17013094,17013101,1678406443346,false
7215389,0.1545000,1474,17013102,17013107,1678406443357,false
7215390,0.1545000,965,17013108,17013108,1678406444568,false
7215391,0.1544000,722,17013109,17013110,1678406445324,true
7215392,0.1545000,4205,17013111,17013114,1678406445714,false
7215393,0.1545000,53,17013115,17013115,1678406446196,true
7215394,0.1545000,4498,17013116,17013120,1678406446235,false
7215395,0.1545000,837,17013121,17013122,1678406446311,true
7215396,0.1546000,14185,17013123,17013135,1678406446650,false
7215397,0.1546000,1828,17013136,17013138,1678406446689,true
7215398,0.1545000,835,17013139,17013139,1678406447289,true
7215399,0.1546000,1465,17013140,17013142,1678406448540,false
7215400,0.1547000,8468,17013143,17013152,1678406448540,false
7215401,0.1547000,16947,17013153,17013165,1678406448555,true
7215402,0.1547000,2191,17013166,17013167,1678406449363,true
7215403,0.1546000,1834,17013168,17013170,1678406449439,true
7215404,0.1547000,3598,17013171,17013174,1678406449444,false
7215405,0.1546000,4336,17013175,17013178,1678406449457,true
7215406,0.1546000,322,17013179,17013179,1678406450260,true
7215407,0.1547000,3786,17013180,17013185,1678406450802,false
7215408,0.1546000,627,17013186,17013187,1678406451258,true
7215409,0.1545000,210,17013188,17013189,1678406451258,true
7215410,0.1546000,4174,17013190,17013195,1678406452099,false
7215411,0.1546000,1656,17013196,17013198,1678406452431,false
7215412,0.1546000,838,17013199,17013199,1678406453318,true
7215413,0.1547000,1615,17013200,17013200,1678406453618,false
7215414,0.1546000,837,17013201,17013202,1678406455288,true
7215415,0.1547000,322,17013203,17013204,1678406456090,false
7215416,0.1546000,837,17013205,17013206,1678406457274,true
7215417,0.1546000,53,17013207,17013207,1678406458322,true
7215418,0.1546000,681,17013208,17013209,1678406461235,true
7215419,0.1546000,87970,17013210,17013230,1678406461632,true
7215420,0.1545000,46481,17013231,17013237,1678406461712,true
7215421,0.1544000,17452,17013238,17013246,1678406461712,true
7215422,0.1543000,3096,17013247,17013249,1678406461737,true
7215423,0.1544000,661,17013250,17013250,1678406461839,true
7215424,0.1544000,873,17013251,17013251,1678406461975,true
7215425,0.1544000,4793,17013252,17013255,1678406462618,false
7215426,0.1544000,5074,17013256,17013257,1678406463574,false
7215427,0.1544000,453,17013258,17013259,1678406464273,true
7215428,0.1545000,398,17013260,17013261,1678406464562,false
7215429,0.1544000,227,17013262,17013262,1678406465243,true
7215430,0.1544000,673,17013263,17013264,1678406467048,true
7215431,0.1545000,3303,17013265,17013268,1678406467137,false
7215432,0.1546000,1493,17013269,17013272,1678406467137,false
7215433,0.1545000,566,17013273,17013274,1678406467228,true
7215434,0.1545000,6068,17013275,17013278,1678406467610,false
7215435,0.1546000,1010,17013279,17013279,1678406467610,false
7215436,0.1545000,647,17013280,17013281,1678406467648,true
7215437,0.1546000,1983,17013282,17013282,1678406468911,false
7215438,0.1545000,567,17013283,17013284,1678406469303,true
7215439,0.1546000,9621,17013285,17013292,1678406469329,false
7215440,0.1547000,18320,17013293,17013301,1678406469352,false
7215441,0.1547000,2000,17013302,17013304,1678406470128,true
7215442,0.1548000,9975,17013305,17013316,1678406470425,false
7215443,0.1547000,53,17013317,17013317,1678406470446,true
7215444,0.1549000,10111,17013318,17013323,1678406470573,false
7215445,0.1550000,2253,17013324,17013330,1678406470587,false
7215446,0.1549000,78,17013331,17013331,1678406470604,true
7215447,0.1550000,12732,17013332,17013334,1678406470612,false
7215448,0.1550000,5,17013335,17013335,1678406470704,true
7215449,0.1551000,6130,17013336,17013343,1678406470770,false
7215450,0.1552000,765,17013344,17013344,1678406470775,false
7215451,0.1551000,2051,17013345,17013346,1678406470820,false
7215452,0.1550000,78,17013347,17013347,1678406470847,true
7215453,0.1550000,1573,17013348,17013350,1678406471286,true
7215454,0.1550000,3352,17013351,17013354,1678406472223,false
7215455,0.1549000,764,17013355,17013356,1678406472286,true
7215456,0.1549000,794,17013357,17013358,1678406473256,true
7215457,0.1549000,14301,17013359,17013372,1678406474131,true
7215458,0.1549000,9436,17013373,17013377,1678406474249,true
7215459,0.1548000,5653,17013378,17013379,1678406474469,true
7215460,0.1548000,3641,17013380,17013382,1678406474634,true
7215461,0.1548000,341,17013383,17013383,1678406475258,true
7215462,0.1549000,2816,17013384,17013386,1678406475632,false
7215463,0.1548000,227,17013387,17013387,1678406476230,true
7215464,0.1549000,24784,17013388,17013399,1678406476559,false
7215465,0.1550000,5847,17013400,17013406,1678406476567,false
7215466,0.1550000,5334,17013407,17013412,1678406477317,true
7215467,0.1549000,53,17013413,17013413,1678406478162,true
7215468,0.1549000,955,17013414,17013415,1678406479284,true
7215469,0.1550000,2386,17013416,17013417,1678406479357,false
7215470,0.1549000,12261,17013418,17013424,1678406479931,true
7215471,0.1549000,5425,17013425,17013425,1678406480145,true
7215472,0.1548000,1158,17013426,17013427,1678406480768,true
7215473,0.1548000,115,17013428,17013428,1678406481251,true
7215474,0.1549000,1906,17013429,17013430,1678406481554,false
7215475,0.1548000,115,17013431,17013431,1678406483221,true
7215476,0.1548000,115,17013432,17013432,1678406485298,true
7215477,0.1549000,10016,17013433,17013442,1678406486255,false
7215478,0.1550000,1534,17013443,17013446,1678406486296,false
7215479,0.1549000,53,17013447,17013447,1678406486418,true
7215480,0.1549000,342,17013448,17013448,1678406487345,true
7215481,0.1550000,6188,17013449,17013453,1678406487819,false
7215482,0.1550000,181,17013454,17013454,1678406489284,true
7215483,0.1550000,3120,17013455,17013456,1678406489916,false
7215484,0.1551000,16790,17013457,17013465,1678406489917,false
7215485,0.1552000,12677,17013466,17013473,1678406489917,false
7215486,0.1551000,4018,17013474,17013478,1678406490022,true
7215487,0.1552000,1423,17013479,17013480,1678406490196,true
7215488,0.1551000,117,17013481,17013481,1678406490241,true
7215489,0.1552000,143,17013482,17013482,1678406490951,true
7215490,0.1552000,522,17013483,17013483,1678406491300,true
7215491,0.1553000,23911,17013484,17013495,1678406491638,false
7215492,0.1554000,4796,17013496,17013502,1678406491657,false
7215493,0.1555000,72,17013503,17013503,1678406492103,false
7215494,0.1554000,5266,17013504,17013506,1678406492103,true
7215495,0.1555000,72,17013507,17013508,1678406492104,false
7215496,0.1554000,327,17013509,17013509,1678406492539,true
7215497,0.1554000,117,17013510,17013510,1678406492643,true
7215498,0.1554000,922,17013511,17013511,1678406493234,true
7215499,0.1555000,5808,17013512,17013519,1678406493245,false
7215500,0.1556000,622,17013520,17013520,1678406493245,false
7215501,0.1554000,133,17013521,17013521,1678406493859,true
7215502,0.1554000,117,17013522,17013522,1678406494322,true
7215503,0.1554000,1023,17013523,17013523,1678406495301,true
7215504,0.1554000,577,17013524,17013524,1678406495614,true
7215505,0.1555000,2929,17013525,17013527,1678406495732,false
7215506,0.1555000,2560,17013528,17013532,1678406496578,false
7215507,0.1556000,2290,17013533,17013538,1678406496727,false
7215508,0.1555000,1024,17013539,17013539,1678406497268,true
7215509,0.1554000,186,17013540,17013540,1678406498256,true
7215510,0.1555000,2932,17013541,17013542,1678406498621,false
7215511,0.1554000,6744,17013543,17013546,1678406498776,true
7215512,0.1554000,909,17013547,17013547,1678406499266,true
7215513,0.1554000,117,17013548,17013548,1678406499589,true
7215514,0.1554000,5150,17013549,17013549,1678406500904,true
7215515,0.1554000,342,17013550,17013550,1678406501323,true
7215516,0.1554000,47,17013551,17013551,1678406502213,true
7215517,0.1554000,455,17013552,17013552,1678406503301,true
7215518,0.1554000,33,17013553,17013553,1678406503899,true
7215519,0.1554000,616,17013554,17013554,1678406504281,true
7215520,0.1554000,5115,17013555,17013557,1678406504383,true
7215521,0.1554000,5832,17013558,17013559,1678406505182,true
7215522,0.1554000,322,17013560,17013560,1678406505450,true
7215523,0.1554000,35,17013561,17013561,1678406506264,true
7215524,0.1554000,354,17013562,17013563,1678406507178,true
7215525,0.1554000,101844,17013564,17013593,1678406508611,true
7215526,0.1553000,12365,17013594,17013603,1678406508623,true
7215527,0.1552000,1111,17013604,17013604,1678406508627,true
7215528,0.1551000,10554,17013605,17013613,1678406508627,true
7215529,0.1552000,2202,17013614,17013615,1678406508685,false
7215530,0.1552000,288,17013616,17013616,1678406508688,true
7215531,0.1551000,10204,17013617,17013619,1678406508688,true
7215532,0.1552000,1632,17013620,17013620,1678406508693,true
7215533,0.1551000,636,17013621,17013621,1678406508693,true
7215534,0.1550000,2553,17013622,17013623,1678406508693,true
7215535,0.1551000,1309,17013624,17013624,1678406508717,true
7215536,0.1550000,384,17013625,17013625,1678406508950,true
7215537,0.1550000,3,17013626,17013626,1678406510969,true
7215538,0.1550000,340,17013627,17013627,1678406511333,true
7215539,0.1550000,340,17013628,17013628,1678406513306,true
7215540,0.1551000,954,17013629,17013630,1678406514653,false
7215541,0.1550000,340,17013631,17013632,1678406515289,true
7215542,0.1551000,1464,17013633,17013635,1678406517121,false
7215543,0.1550000,113,17013636,17013636,1678406517254,true
7215544,0.1550000,12067,17013637,17013642,1678406519179,true
7215545,0.1550000,3699,17013643,17013646,1678406522017,false
7215546,0.1550000,14148,17013647,17013648,1678406522326,false
7215547,0.1551000,11976,17013649,17013652,1678406522326,false
7215548,0.1552000,1979,17013653,17013655,1678406522326,false
7215549,0.1551000,4922,17013656,17013656,1678406522346,false
7215550,0.1551000,5232,17013657,17013662,1678406524655,true
7215551,0.1550000,2269,17013663,17013666,1678406524668,true
7215552,0.1550000,5986,17013667,17013670,1678406524830,true
7215553,0.1551000,5538,17013671,17013677,1678406526574,false
7215554,0.1551000,3587,17013678,17013680,1678406529279,false
7215555,0.1552000,2267,17013681,17013683,1678406531827,false
7215556,0.1552000,381,17013684,17013684,1678406534388,false
7215557,0.1552000,6670,17013685,17013689,1678406535108,false
7215558,0.1553000,97,17013690,17013690,1678406536203,false
7215559,0.1552000,6873,17013691,17013695,1678406539660,false
7215560,0.1553000,16047,17013696,17013703,1678406539699,false
7215561,0.1554000,11878,17013704,17013712,1678406539730,false
7215562,0.1553000,78,17013713,17013713,1678406539733,true
7215563,0.1554000,3696,17013714,17013715,1678406539735,false
7215564,0.1555000,22530,17013716,17013724,1678406539735,false
7215565,0.1555000,78,17013725,17013725,1678406539771,true
7215566,0.1556000,8039,17013726,17013730,1678406539776,false
7215567,0.1556000,2385,17013731,17013733,1678406539817,true
7215568,0.1555000,4763,17013734,17013739,1678406540519,true
7215569,0.1555000,849,17013740,17013741,1678406541242,true
7215570,0.1556000,745,17013742,17013742,1678406541696,false
7215571,0.1556000,10032,17013743,17013749,1678406542621,false
7215572,0.1556000,1501,17013750,17013751,1678406542741,false
7215573,0.1556000,78,17013752,17013752,1678406542767,true
7215574,0.1556000,2885,17013753,17013758,1678406543251,true
7215575,0.1556000,164,17013759,17013759,1678406543926,true
7215576,0.1556000,117,17013760,17013760,1678406544134,true
7215577,0.1556000,436,17013761,17013761,1678406545288,true
7215578,0.1557000,3078,17013762,17013765,1678406545653,false
7215579,0.1557000,1041,17013766,17013768,1678406546692,false
7215580,0.1556000,437,17013769,17013769,1678406547291,true
7215581,0.1557000,6604,17013770,17013775,1678406547642,false
7215582,0.1557000,2512,17013776,17013777,1678406548501,true
7215583,0.1556000,93,17013778,17013778,1678406548999,true
7215584,0.1556000,6510,17013779,17013783,1678406549106,true
7215585,0.1555000,23291,17013784,17013796,1678406549106,true
7215586,0.1556000,1476,17013797,17013798,1678406549131,false
7215587,0.1556000,1499,17013799,17013799,1678406549133,true
7215588,0.1555000,1615,17013800,17013801,1678406549133,true
7215589,0.1554000,12056,17013802,17013808,1678406549157,true
7215590,0.1554000,327,17013809,17013809,1678406549258,true
7215591,0.1554000,2087,17013810,17013810,1678406551187,true
7215592,0.1554000,5663,17013811,17013813,1678406554481,true
7215593,0.1553000,288,17013814,17013814,1678406554613,true
7215594,0.1553000,3267,17013815,17013815,1678406557502,true
7215595,0.1553000,2161,17013816,17013817,1678406557682,true
7215596,0.1553000,764,17013818,17013819,1678406559216,false
7215597,0.1552000,447,17013820,17013820,1678406559725,true
7215598,0.1553000,8439,17013821,17013825,1678406560202,false
7215599,0.1553000,4255,17013826,17013829,1678406560259,true
7215600,0.1553000,947,17013830,17013830,1678406563228,true
7215601,0.1553000,777,17013831,17013831,1678406565319,false
7215602,0.1553000,5502,17013832,17013835,1678406567835,false
7215603,0.1553000,98,17013836,17013836,1678406569273,true
7215604,0.1553000,2044,17013837,17013838,1678406577531,true
7215605,0.1553000,3987,17013839,17013840,1678406577809,true
7215606,0.1553000,3812,17013841,17013844,1678406581828,false
7215607,0.1552000,6212,17013845,17013850,1678406582645,true
7215608,0.1552000,1188,17013851,17013853,1678406582756,true
7215609,0.1551000,42256,17013854,17013875,1678406583021,true
7215610,0.1550000,5468,17013876,17013878,1678406583133,true
7215611,0.1550000,196,17013879,17013879,1678406583512,true
7215612,0.1550000,1800,17013880,17013880,1678406584090,true
7215613,0.1551000,8456,17013881,17013887,1678406584274,false
7215614,0.1552000,9346,17013888,17013896,1678406584788,false
7215615,0.1552000,2743,17013897,17013898,1678406586701,false
7215616,0.1553000,8877,17013899,17013907,1678406586701,false
7215617,0.1553000,4044,17013908,17013911,1678406589558,false
7215618,0.1553000,1340,17013912,17013912,1678406591134,false
7215619,0.1554000,1227,17013913,17013915,1678406594629,false
7215620,0.1554000,1474,17013916,17013917,1678406596650,false
7215621,0.1554000,6577,17013918,17013921,1678406597902,false
7215622,0.1555000,10373,17013922,17013928,1678406597902,false
7215623,0.1554000,227,17013929,17013929,1678406599261,true
7215624,0.1555000,7720,17013930,17013931,1678406600266,false
7215625,0.1555000,78,17013932,17013932,1678406600280,true
7215626,0.1556000,713,17013933,17013934,1678406602423,false
7215627,0.1556000,6754,17013935,17013940,1678406603939,false
7215628,0.1556000,78,17013941,17013941,1678406603965,true
7215629,0.1557000,5242,17013942,17013946,1678406604442,false
7215630,0.1557000,6728,17013947,17013954,1678406604480,true
7215631,0.1557000,2316,17013955,17013957,1678406604602,true
7215632,0.1557000,515,17013958,17013958,1678406605141,true
7215633,0.1557000,397,17013959,17013959,1678406605284,true
7215634,0.1557000,80,17013960,17013960,1678406605405,true
7215635,0.1558000,98,17013961,17013961,1678406606234,false
7215636,0.1557000,3957,17013962,17013967,1678406606520,true
7215637,0.1556000,5704,17013968,17013974,1678406606537,true
7215638,0.1557000,323,17013975,17013975,1678406606652,true
7215639,0.1557000,469,17013976,17013976,1678406606945,true
7215640,0.1556000,7798,17013977,17013983,1678406606945,true
7215641,0.1557000,201,17013984,17013984,1678406606964,false
7215642,0.1556000,234,17013985,17013986,1678406607054,true
7215643,0.1556000,805,17013987,17013987,1678406607499,true
7215644,0.1557000,10083,17013988,17013995,1678406609243,false
7215645,0.1557000,187,17013996,17013997,1678406609282,true
7215646,0.1558000,935,17013998,17014001,1678406610635,false
7215647,0.1559000,981,17014002,17014002,1678406610635,false
7215648,0.1558000,257,17014003,17014003,1678406610655,true
7215649,0.1558000,633,17014004,17014005,1678406611063,true
7215650,0.1557000,865,17014006,17014007,1678406611834,true
7215651,0.1557000,63,17014008,17014008,1678406613310,true
7215652,0.1557000,46,17014009,17014009,1678406614579,true
7215653,0.1558000,2826,17014010,17014014,1678406614718,false
7215654,0.1557000,62,17014015,17014015,1678406615294,true
7215655,0.1558000,658,17014016,17014016,1678406616666,false
7215656,0.1559000,1729,17014017,17014019,1678406617708,false
7215657,0.1558000,117,17014020,17014020,1678406617879,true
7215658,0.1559000,1287,17014021,17014022,1678406619110,false
7215659,0.1558000,63,17014023,17014023,1678406619248,true
7215660,0.1558000,63,17014024,17014024,1678406621314,true
7215661,0.1559000,1181,17014025,17014025,1678406621901,false
7215662,0.1559000,3093,17014026,17014028,1678406622649,false
7215663,0.1558000,63,17014029,17014029,1678406623278,true
7215664,0.1558000,62,17014030,17014030,1678406624263,true
7215665,0.1558000,117,17014031,17014031,1678406624415,true
7215666,0.1559000,2236,17014032,17014033,1678406624548,false
7215667,0.1558000,62,17014034,17014034,1678406625247,true
7215668,0.1558000,4298,17014035,17014039,1678406626057,true
7215669,0.1557000,2826,17014040,17014043,1678406626057,true
7215670,0.1557000,63,17014044,17014044,1678406627240,true
7215671,0.1557000,348,17014045,17014046,1678406629295,true
7215672,0.1558000,936,17014047,17014048,1678406629360,false
7215673,0.1557000,80,17014049,17014049,1678406631270,true
7215674,0.1557000,18909,17014050,17014061,1678406634817,true
7215675,0.1556000,8129,17014062,17014064,1678406634861,true
7215676,0.1556000,661,17014065,17014065,1678406635945,true
7215677,0.1556000,21648,17014066,17014077,1678406641619,true
7215678,0.1556000,4303,17014078,17014080,1678406641727,true
7215679,0.1554000,5112,17014081,17014084,1678406641801,true
7215680,0.1553000,729,17014085,17014085,1678406643332,true
7215681,0.1554000,57,17014086,17014086,1678406646010,false
7215682,0.1553000,765,17014087,17014087,1678406648391,true
7215683,0.1553000,142,17014088,17014088,1678406649170,true
7215684,0.1553000,2051,17014089,17014089,1678406649725,true
7215685,0.1553000,1287,17014090,17014090,1678406649878,false
7215686,0.1552000,1859,17014091,17014094,1678406651793,true
7215687,0.1553000,865,17014095,17014095,1678406652827,false
7215688,0.1553000,935,17014096,17014097,1678406654669,false
7215689,0.1553000,17403,17014098,17014103,1678406655397,false
7215690,0.1554000,1582,17014104,17014105,1678406655701,false
7215691,0.1554000,1190,17014106,17014107,1678406657604,false
7215692,0.1554000,2122,17014108,17014110,1678406665710,false
7215693,0.1553000,205,17014111,17014111,1678406667772,true
7215694,0.1554000,3102,17014112,17014114,1678406672379,true
7215695,0.1553000,2487,17014115,17014118,1678406672379,true
7215696,0.1554000,2458,17014119,17014122,1678406674503,false
7215697,0.1554000,3574,17014123,17014124,1678406676612,false
7215698,0.1554000,987,17014125,17014125,1678406683081,false
7215699,0.1553000,382,17014126,17014126,1678406690196,true
7215700,0.1554000,2058,17014127,17014128,1678406695301,false
7215701,0.1554000,9469,17014129,17014131,1678406695430,false
7215702,0.1555000,11937,17014132,17014137,1678406695749,false
7215703,0.1556000,5888,17014138,17014142,1678406696338,false
7215704,0.1556000,534,17014143,17014144,1678406701244,true
7215705,0.1557000,1842,17014145,17014145,1678406701532,false
7215706,0.1556000,5771,17014146,17014148,1678406702304,true
7215707,0.1555000,5060,17014149,17014156,1678406702382,true
7215708,0.1554000,1353,17014157,17014157,1678406703946,true
7215709,0.1555000,1048,17014158,17014159,1678406707692,false
7215710,0.1555000,2358,17014160,17014162,1678406708416,false
7215711,0.1554000,13351,17014163,17014166,1678406715963,true
7215712,0.1554000,4094,17014167,17014170,1678406716088,true
7215713,0.1554000,16243,17014171,17014177,1678406720867,false
7215714,0.1555000,8066,17014178,17014183,1678406720873,false
7215715,0.1555000,1591,17014184,17014186,1678406722093,true
7215716,0.1554000,941,17014187,17014188,1678406722093,true
7215717,0.1555000,413,17014189,17014189,1678406722103,true
7215718,0.1555000,765,17014190,17014190,1678406722441,true
7215719,0.1554000,350,17014191,17014191,1678406722441,true
7215720,0.1554000,932,17014192,17014192,1678406722808,true
7215721,0.1554000,1712,17014193,17014194,1678406724429,false
7215722,0.1554000,2059,17014195,17014198,1678406727874,false
7215723,0.1555000,2491,17014199,17014201,1678406727874,false
7215724,0.1555000,1330,17014202,17014203,1678406728284,false
7215725,0.1555000,1862,17014204,17014205,1678406730290,false
7215726,0.1555000,1929,17014206,17014206,1678406731214,false
7215727,0.1555000,267,17014207,17014207,1678406734296,false
7215728,0.1554000,10008,17014208,17014212,1678406734403,true
7215729,0.1553000,5992,17014213,17014215,1678406734403,true
7215730,0.1553000,483,17014216,17014217,1678406734781,true
7215731,0.1554000,887,17014218,17014219,1678406736657,false
7215732,0.1554000,3052,17014220,17014221,1678406737563,false
7215733,0.1554000,1180,17014222,17014222,1678406738248,false
7215734,0.1553000,613,17014223,17014223,1678406738584,true
7215735,0.1553000,44,17014224,17014224,1678406739551,true
7215736,0.1552000,1234,17014225,17014226,1678406739769,false
7215737,0.1551000,1000,17014227,17014227,1678406741734,true
7215738,0.1551000,996,17014228,17014229,1678406742279,false
7215739,0.1551000,463,17014230,17014230,1678406746219,false
7215740,0.1551000,5611,17014231,17014233,1678406746497,false
7215741,0.1552000,924,17014234,17014235,1678406748732,false
7215742,0.1552000,1607,17014236,17014236,1678406749009,false
7215743,0.1553000,1030,17014237,17014237,1678406750303,false
7215744,0.1553000,2073,17014238,17014242,1678406752298,false
7215745,0.1554000,2583,17014243,17014243,1678406752530,false
7215746,0.1553000,1466,17014244,17014246,1678406754790,true
7215747,0.1552000,288,17014247,17014247,1678406755553,true
7215748,0.1553000,232,17014248,17014248,1678406758292,false
7215749,0.1553000,232,17014249,17014249,1678406760257,false
7215750,0.1552000,1178,17014250,17014250,1678406761616,true
7215751,0.1551000,20137,17014251,17014261,1678406761617,true
7215752,0.1550000,19340,17014262,17014274,1678406761617,true
7215753,0.1549000,14108,17014275,17014286,1678406761621,true
7215754,0.1548000,11716,17014287,17014300,1678406761626,true
7215755,0.1547000,4730,17014301,17014308,1678406761639,true
7215756,0.1548000,288,17014309,17014309,1678406761649,false
7215757,0.1547000,4176,17014310,17014313,1678406761652,true
7215758,0.1548000,1178,17014314,17014314,1678406761660,false
7215759,0.1547000,3024,17014315,17014315,1678406761663,true
7215760,0.1548000,1448,17014316,17014317,1678406761664,false
7215761,0.1548000,3978,17014318,17014322,1678406761687,true
7215762,0.1547000,2201,17014323,17014323,1678406761703,true
7215763,0.1548000,1466,17014324,17014325,1678406761726,false
7215764,0.1548000,288,17014326,17014326,1678406761730,true
7215765,0.1547000,723,17014327,17014327,1678406761730,true
7215766,0.1548000,1171,17014328,17014328,1678406761733,true
7215767,0.1547000,437,17014329,17014329,1678406761733,true
7215768,0.1548000,288,17014330,17014330,1678406761735,true
7215769,0.1547000,1916,17014331,17014332,1678406761735,true
7215770,0.1548000,3323,17014333,17014337,1678406761744,false
7215771,0.1547000,1011,17014338,17014338,1678406761748,true
7215772,0.1548000,819,17014339,17014339,1678406761753,false
7215773,0.1548000,596,17014340,17014340,1678406761756,true
7215774,0.1549000,163,17014341,17014341,1678406762023,false
7215775,0.1548000,4115,17014342,17014345,1678406762079,true
7215776,0.1547000,408,17014346,17014346,1678406762079,true
7215777,0.1547000,796,17014347,17014347,1678406762405,true
7215778,0.1547000,12207,17014348,17014354,1678406763109,true
7215779,0.1546000,7289,17014355,17014356,1678406763109,true
7215780,0.1547000,3402,17014357,17014362,1678406763202,false
7215781,0.1548000,810,17014363,17014364,1678406764266,false
7215782,0.1548000,695,17014365,17014365,1678406768250,false
7215783,0.1548000,347,17014366,17014366,1678406772324,false
7215784,0.1547000,3161,17014367,17014369,1678406775115,true
7215785,0.1546000,3644,17014370,17014370,1678406775115,true
7215786,0.1547000,9196,17014371,17014378,1678406775535,false
7215787,0.1548000,347,17014379,17014380,1678406776248,false
7215788,0.1548000,1098,17014381,17014381,1678406776462,false
7215789,0.1547000,146,17014382,17014382,1678406776697,true
7215790,0.1548000,735,17014383,17014384,1678406780295,false
7215791,0.1548000,31498,17014385,17014398,1678406780640,false
7215792,0.1548000,258,17014399,17014399,1678406781031,true
7215793,0.1548000,641,17014400,17014401,1678406781462,true
7215794,0.1548000,435,17014402,17014402,1678406783249,false
7215795,0.1547000,288,17014403,17014403,1678406784143,true
7215796,0.1547000,969,17014404,17014405,1678406784644,false
7215797,0.1546000,336,17014406,17014406,1678406786723,true
7215798,0.1547000,136,17014407,17014407,1678406787309,false
7215799,0.1546000,205,17014408,17014408,1678406788308,true
7215800,0.1547000,851,17014409,17014410,1678406788317,false
7215801,0.1547000,851,17014411,17014412,1678406790271,false
7215802,0.1546000,713,17014413,17014413,1678406790564,true
7215803,0.1547000,817,17014414,17014415,1678406791250,false
7215804,0.1547000,272,17014416,17014416,1678406794309,false
7215805,0.1547000,272,17014417,17014417,1678406798268,false
7215806,0.1546000,1310,17014418,17014419,1678406799119,true
7215807,0.1545000,6217,17014420,17014420,1678406799119,true
7215808,0.1546000,5442,17014421,17014426,1678406800644,false
7215809,0.1547000,10123,17014427,17014429,1678406801568,false
7215810,0.1546000,1586,17014430,17014431,1678406801885,true
7215811,0.1547000,272,17014432,17014432,1678406802316,false
7215812,0.1547000,766,17014433,17014433,1678406803666,false
7215813,0.1547000,272,17014434,17014434,1678406806251,false
7215814,0.1547000,116,17014435,17014435,1678406810291,false
7215815,0.1547000,116,17014436,17014436,1678406813244,false
7215816,0.1547000,10889,17014437,17014437,1678406818243,false
7215817,0.1547000,4755,17014438,17014438,1678406821138,false
7215818,0.1547000,1003,17014439,17014439,1678406824296,false
7215819,0.1546000,87,17014440,17014440,1678406831892,true
7215820,0.1546000,5228,17014441,17014442,1678406838946,true
7215821,0.1546000,18337,17014443,17014447,1678406839627,true
7215822,0.1547000,113,17014448,17014448,1678406840286,false
7215823,0.1547000,113,17014449,17014449,1678406843230,false
7215824,0.1547000,111,17014450,17014450,1678406844325,false
7215825,0.1547000,113,17014451,17014451,1678406847309,false
7215826,0.1547000,113,17014452,17014452,1678406848277,false
7215827,0.1546000,9348,17014453,17014458,1678406849336,true
7215828,0.1545000,28061,17014459,17014471,1678406849336,true
7215829,0.1544000,3002,17014472,17014475,1678406849338,true
7215830,0.1543000,6314,17014476,17014484,1678406849338,true
7215831,0.1542000,8582,17014485,17014494,1678406849339,true
7215832,0.1541000,9660,17014495,17014498,1678406849339,true
7215833,0.1540000,37313,17014499,17014509,1678406849339,true
7215834,0.1541000,1844,17014510,17014510,1678406849340,true
7215835,0.1540000,1604,17014511,17014511,1678406849340,true
7215836,0.1539000,13470,17014512,17014516,1678406849342,true
7215837,0.1543000,2441,17014517,17014517,1678406849346,true
7215838,0.1541000,7343,17014518,17014522,1678406849348,true
7215839,0.1540000,1391,17014523,17014524,1678406849353,true
7215840,0.1542000,24552,17014525,17014538,1678406849354,false
7215841,0.1543000,14101,17014539,17014548,1678406849379,false
7215842,0.1542000,5016,17014549,17014553,1678406849419,true
7215843,0.1543000,1800,17014554,17014554,1678406849483,false
7215844,0.1543000,288,17014555,17014555,1678406849484,true
7215845,0.1542000,3709,17014556,17014560,1678406849484,true
7215846,0.1541000,826,17014561,17014562,1678406849490,true
7215847,0.1543000,1258,17014563,17014564,1678406849723,false
7215848,0.1542000,5678,17014565,17014570,1678406850087,true
7215849,0.1542000,692,17014571,17014571,1678406850263,false
7215850,0.1542000,13433,17014572,17014581,1678406850611,false
7215851,0.1543000,575,17014582,17014583,1678406851230,false
7215852,0.1543000,1224,17014584,17014584,1678406853916,false
7215853,0.1543000,575,17014585,17014587,1678406854295,false
7215854,0.1541000,3328,17014588,17014589,1678406855657,true
7215855,0.1542000,690,17014590,17014590,1678406858231,false
7215856,0.1541000,187,17014591,17014591,1678406859845,true
7215857,0.1542000,691,17014592,17014593,1678406862278,false
7215858,0.1541000,2175,17014594,17014596,1678406863313,true
7215859,0.1540000,183,17014597,17014597,1678406863313,true
7215860,0.1541000,806,17014598,17014598,1678406866324,false
7215861,0.1541000,693,17014599,17014600,1678406870262,false
7215862,0.1541000,1220,17014601,17014602,1678406870713,false
7215863,0.1541000,496,17014603,17014604,1678406871249,false
7215864,0.1540000,65,17014605,17014605,1678406871971,true
7215865,0.1541000,693,17014606,17014607,1678406873325,false
7215866,0.1540000,3064,17014608,17014609,1678406873540,true
7215867,0.1540000,809,17014610,17014610,1678406874389,false
7215868,0.1540000,6426,17014611,17014612,1678406875113,false
7215869,0.1540000,4251,17014613,17014614,1678406875220,false
7215870,0.1539000,1957,17014615,17014615,1678406875387,true
7215871,0.1540000,809,17014616,17014617,1678406877277,false
7215872,0.1540000,809,17014618,17014619,1678406878253,false
7215873,0.1539000,59,17014620,17014620,1678406879705,true
7215874,0.1540000,230,17014621,17014621,1678406880353,false
7215875,0.1540000,347,17014622,17014622,1678406881341,false
7215876,0.1539000,193,17014623,17014623,1678406882771,true
7215877,0.1540000,1098,17014624,17014625,1678406882920,false
7215878,0.1540000,1098,17014626,17014626,1678406883370,false
7215879,0.1540000,347,17014627,17014627,1678406884297,false
7215880,0.1540000,20174,17014628,17014632,1678406886912,false
7215881,0.1541000,5778,17014633,17014635,1678406886912,false
7215882,0.1540000,1003,17014636,17014637,1678406887129,true
7215883,0.1541000,116,17014638,17014638,1678406888231,false
7215884,0.1541000,24178,17014639,17014647,1678406890250,false
7215885,0.1541000,4474,17014648,17014651,1678406890878,true
7215886,0.1540000,41,17014652,17014652,1678406890878,true
7215887,0.1540000,914,17014653,17014654,1678406891161,true
7215888,0.1541000,115,17014655,17014655,1678406892287,false
7215889,0.1540000,59,17014656,17014656,1678406893953,true
7215890,0.1540000,7761,17014657,17014661,1678406894950,true
7215891,0.1540000,116,17014662,17014662,1678406896234,false
7215892,0.1539000,2195,17014663,17014664,1678406896388,true
7215893,0.1539000,961,17014665,17014666,1678406896678,false
7215894,0.1539000,5053,17014667,17014669,1678406897650,false
7215895,0.1539000,309,17014670,17014670,1678406900292,false
7215896,0.1538000,275,17014671,17014672,1678406900576,true
7215897,0.1538000,59,17014673,17014673,1678406901135,true
7215898,0.1539000,309,17014674,17014674,1678406901256,false
7215899,0.1539000,309,17014675,17014677,1678406903226,false
7215900,0.1539000,193,17014678,17014678,1678406904383,false
7215901,0.1539000,193,17014679,17014679,1678406907303,false
7215902,0.1539000,193,17014680,17014680,1678406908280,false
7215903,0.1539000,2193,17014681,17014682,1678406910222,false
7215904,0.1539000,9383,17014683,17014692,1678406911224,false
7215905,0.1539000,59,17014693,17014693,1678406912263,true
7215906,0.1540000,77,17014694,17014694,1678406914286,false
7215907,0.1540000,193,17014695,17014696,1678406918227,false
7215908,0.1540000,165,17014697,17014697,1678406919318,false
7215909,0.1540000,193,17014698,17014698,1678406922287,false
7215910,0.1540000,1222,17014699,17014700,1678406922802,false
7215911,0.1540000,77,17014701,17014701,1678406926230,false
7215912,0.1539000,59,17014702,17014702,1678406926462,true
7215913,0.1540000,163,17014703,17014703,1678406932811,false
7215914,0.1539000,2092,17014704,17014707,1678406932857,true
7215915,0.1538000,1969,17014708,17014711,1678406936627,true
7215916,0.1537000,3807,17014712,17014715,1678406937249,true
7215917,0.1538000,116,17014716,17014716,1678406937290,false
7215918,0.1537000,231,17014717,17014717,1678406938261,false
7215919,0.1536000,1159,17014718,17014721,1678406938736,true
7215920,0.1537000,231,17014722,17014723,1678406940249,false
7215921,0.1537000,231,17014724,17014724,1678406941226,false
7215922,0.1537000,347,17014725,17014726,1678406944304,false
7215923,0.1537000,9037,17014727,17014731,1678406945720,false
7215924,0.1537000,36,17014732,17014732,1678406947256,false
7215925,0.1537000,347,17014733,17014733,1678406948246,false
7215926,0.1537000,7886,17014734,17014739,1678406948570,false
7215927,0.1538000,231,17014740,17014741,1678406949226,false
7215928,0.1538000,231,17014742,17014742,1678406952279,false
7215929,0.1537000,68,17014743,17014743,1678406953375,true
7215930,0.1537000,2796,17014744,17014747,1678406954990,true
7215931,0.1537000,347,17014748,17014748,1678406956230,false
7215932,0.1537000,5593,17014749,17014753,1678406956713,false
7215933,0.1537000,293,17014754,17014754,1678406960333,false
7215934,0.1537000,293,17014755,17014755,1678406961291,false
7215935,0.1537000,293,17014756,17014756,1678406963275,false
7215936,0.1537000,293,17014757,17014757,1678406964248,false
7215937,0.1537000,177,17014758,17014758,1678406967261,false
7215938,0.1537000,62,17014759,17014759,1678406968342,false
7215939,0.1537000,62,17014760,17014760,1678406970315,false
7215940,0.1536000,398,17014761,17014761,1678406970511,true
7215941,0.1537000,62,17014762,17014762,1678406971294,false
7215942,0.1537000,9265,17014763,17014768,1678406972953,false
7215943,0.1538000,2049,17014769,17014771,1678406972953,false
7215944,0.1538000,61,17014772,17014772,1678406979276,false
7215945,0.1537000,890,17014773,17014775,1678406979604,true
7215946,0.1538000,62,17014776,17014776,1678406982229,false
7215947,0.1538000,1013,17014777,17014777,1678406985214,false
7215948,0.1537000,4168,17014778,17014779,1678406990101,true
7215949,0.1537000,656,17014780,17014781,1678406991687,false
7215950,0.1536000,1123,17014782,17014783,1678406993807,true
7215951,0.1536000,115,17014784,17014784,1678406994281,false
7215952,0.1536000,897,17014785,17014785,1678406996785,false
7215953,0.1536000,115,17014786,17014786,1678406997228,false
7215954,0.1536000,3281,17014787,17014789,1678406997401,false
7215955,0.1536000,1496,17014790,17014791,1678407002112,true
7215956,0.1536000,682,17014792,17014793,1678407002749,false
7215957,0.1536000,682,17014794,17014794,1678407003071,false
7215958,0.1536000,177,17014795,17014796,1678407004263,false
7215959,0.1535000,1870,17014797,17014799,1678407004717,true
7215960,0.1536000,2381,17014800,17014801,1678407007022,false
7215961,0.1536000,177,17014802,17014803,1678407007244,false
7215962,0.1535000,2376,17014804,17014809,1678407007251,true
7215963,0.1535000,293,17014810,17014810,1678407008250,false
7215964,0.1535000,314,17014811,17014811,1678407008560,false
7215965,0.1535000,347,17014812,17014812,1678407009321,false
7215966,0.1535000,1341,17014813,17014815,1678407009965,false
7215967,0.1536000,231,17014816,17014817,1678407012340,false
7215968,0.1536000,2382,17014818,17014819,1678407016242,false
7215969,0.1535000,3121,17014820,17014822,1678407018281,true
7215970,0.1535000,2822,17014823,17014825,1678407018360,false
7215971,0.1535000,1196,17014826,17014828,1678407018415,true
7215972,0.1534000,204,17014829,17014830,1678407018669,true
7215973,0.1534000,1166,17014831,17014832,1678407018762,false
7215974,0.1534000,385,17014833,17014834,1678407020272,false
7215975,0.1534000,320,17014835,17014835,1678407021951,false
7215976,0.1534000,1367,17014836,17014838,1678407022935,false
7215977,0.1533000,841,17014839,17014839,1678407024388,true
7215978,0.1533000,19521,17014840,17014848,1678407025565,true
7215979,0.1532000,13447,17014849,17014856,1678407025565,true
7215980,0.1532000,2495,17014857,17014859,1678407026722,true
7215981,0.1532000,191,17014860,17014860,1678407028310,true
7215982,0.1533000,955,17014861,17014861,1678407028701,false
7215983,0.1533000,1678,17014862,17014865,1678407029722,false
7215984,0.1533000,8475,17014866,17014873,1678407031033,true
7215985,0.1533000,1599,17014874,17014877,1678407032907,false
7215986,0.1533000,5462,17014878,17014880,1678407036877,false
7215987,0.1532000,13839,17014881,17014889,1678407038444,true
7215988,0.1531000,11704,17014890,17014895,1678407038447,true
7215989,0.1530000,11549,17014896,17014908,1678407038449,true
7215990,0.1529000,14992,17014909,17014918,1678407038449,true
7215991,0.1528000,2763,17014919,17014921,1678407038450,true
7215992,0.1529000,1194,17014922,17014922,1678407038462,true
7215993,0.1528000,6658,17014923,17014925,1678407038462,true
7215994,0.1529000,3763,17014926,17014929,1678407038481,false
7215995,0.1529000,8240,17014930,17014934,1678407038562,true
7215996,0.1528000,8076,17014935,17014941,1678407038564,true
7215997,0.1529000,327,17014942,17014942,1678407038574,false
7215998,0.1528000,1608,17014943,17014944,1678407038576,true
7215999,0.1529000,1632,17014945,17014946,1678407038579,false
7216000,0.1528000,1428,17014947,17014947,1678407038580,true
7216001,0.1529000,1155,17014948,17014949,1678407038581,false
7216002,0.1528000,179,17014950,17014951,1678407038585,true
7216003,0.1530000,6175,17014952,17014956,1678407039965,false
7216004,0.1530000,3457,17014957,17014959,1678407040126,true
7216005,0.1529000,7135,17014960,17014965,1678407040126,true
7216006,0.1530000,2731,17014966,17014967,1678407044821,false
7216007,0.1529000,6348,17014968,17014968,1678407044980,true
7216008,0.1530000,709,17014969,17014970,1678407046124,false
7216009,0.1529000,77,17014971,17014971,1678407058507,true
7216010,0.1529000,908,17014972,17014972,1678407060282,true
7216011,0.1530000,1216,17014973,17014975,1678407061862,false
7216012,0.1531000,669,17014976,17014977,1678407062084,false
7216013,0.1531000,1130,17014978,17014978,1678407062896,false
7216014,0.1531000,1131,17014979,17014979,1678407063508,false
7216015,0.1530000,196,17014980,17014980,1678407065499,true
7216016,0.1531000,788,17014981,17014981,1678407067698,false
7216017,0.1531000,65,17014982,17014982,1678407072441,false
7216018,0.1531000,3265,17014983,17014983,1678407085567,false
7216019,0.1530000,82,17014984,17014984,1678407090354,true
7216020,0.1531000,1262,17014985,17014985,1678407090681,false
7216021,0.1530000,5466,17014986,17014990,1678407092940,true
7216022,0.1530000,7892,17014991,17014994,1678407100697,true
7216023,0.1530000,11759,17014995,17014998,1678407105647,true
7216024,0.1530000,2136,17014999,17014999,1678407105771,true
7216025,0.1529000,2141,17015000,17015003,1678407112180,true
7216026,0.1529000,1156,17015004,17015005,1678407123852,false
7216027,0.1529000,730,17015006,17015007,1678407124128,false
7216028,0.1530000,999,17015008,17015009,1678407132979,false
7216029,0.1530000,2155,17015010,17015012,1678407142543,false
7216030,0.1530000,2311,17015013,17015015,1678407145903,false
7216031,0.1530000,1544,17015016,17015016,1678407162195,false
7216032,0.1530000,6974,17015017,17015019,1678407166382,false
7216033,0.1531000,12724,17015020,17015026,1678407168289,false
7216034,0.1532000,7263,17015027,17015033,1678407168338,false
7216035,0.1532000,13104,17015034,17015037,1678407168725,false
7216036,0.1533000,3973,17015038,17015041,1678407170176,false
7216037,0.1534000,324,17015042,17015042,1678407176824,false
7216038,0.1533000,212,17015043,17015043,1678407180311,true
7216039,0.1533000,754,17015044,17015045,1678407182738,true
7216040,0.1533000,754,17015046,17015047,1678407183329,true
7216041,0.1534000,2449,17015048,17015052,1678407189845,false
7216042,0.1534000,165,17015053,17015053,1678407190437,false
7216043,0.1534000,7350,17015054,17015058,1678407194413,false
7216044,0.1534000,45913,17015059,17015068,1678407202261,true
7216045,0.1533000,5971,17015069,17015073,1678407202349,true
7216046,0.1533000,252,17015074,17015074,1678407202804,true
7216047,0.1533000,334,17015075,17015076,1678407218144,false
7216048,0.1532000,769,17015077,17015078,1678407218683,true
7216049,0.1533000,1056,17015079,17015079,1678407218756,false
7216050,0.1533000,12727,17015080,17015088,1678407223262,false
7216051,0.1534000,10697,17015089,17015101,1678407223323,false
7216052,0.1534000,316,17015102,17015106,1678407223366,true
7216053,0.1534000,1690,17015107,17015110,1678407223602,true
7216054,0.1533000,216,17015111,17015111,1678407223648,true
7216055,0.1533000,8571,17015112,17015115,1678407231852,true
7216056,0.1533000,6296,17015116,17015119,1678407232072,true
7216057,0.1532000,127,17015120,17015120,1678407232184,true
7216058,0.1533000,2454,17015121,17015124,1678407236924,false
7216059,0.1534000,1950,17015125,17015128,1678407254751,false
7216060,0.1533000,1431,17015129,17015129,1678407256419,true
7216061,0.1533000,4466,17015130,17015132,1678407257122,true
7216062,0.1532000,5611,17015133,17015136,1678407257129,true
7216063,0.1531000,13216,17015137,17015147,1678407257129,true
7216064,0.1531000,4447,17015148,17015150,1678407263868,true
7216065,0.1530000,2410,17015151,17015153,1678407263938,true
7216066,0.1529000,6923,17015154,17015159,1678407263962,true
7216067,0.1529000,769,17015160,17015161,1678407264149,true
7216068,0.1528000,4652,17015162,17015166,1678407264149,true
7216069,0.1529000,1216,17015167,17015168,1678407265458,false
7216070,0.1529000,650,17015169,17015170,1678407265973,false
7216071,0.1529000,2008,17015171,17015172,1678407267932,false
7216072,0.1530000,22282,17015173,17015185,1678407268762,false
7216073,0.1531000,196,17015186,17015186,1678407269376,false
7216074,0.1531000,9170,17015187,17015192,1678407272161,false
7216075,0.1532000,4613,17015193,17015194,1678407272229,false
7216076,0.1531000,3106,17015195,17015200,1678407274826,true
7216077,0.1531000,8607,17015201,17015209,1678407282330,false
7216078,0.1531000,10213,17015210,17015213,1678407282607,true
7216079,0.1530000,2244,17015214,17015216,1678407284730,true
7216080,0.1529000,2569,17015217,17015219,1678407294431,true
7216081,0.1528000,9952,17015220,17015223,1678407294431,true
7216082,0.1527000,1812,17015224,17015226,1678407294431,true
7216083,0.1527000,570,17015227,17015227,1678407296074,true
7216084,0.1527000,2530,17015228,17015229,1678407300392,true
7216085,0.1527000,1339,17015230,17015230,1678407301701,true
7216086,0.1527000,5761,17015231,17015235,1678407302607,true
7216087,0.1527000,3185,17015236,17015240,1678407302725,false
7216088,0.1527000,661,17015241,17015242,1678407303025,false
7216089,0.1527000,943,17015243,17015244,1678407303963,true
7216090,0.1526000,314,17015245,17015245,1678407304063,true
7216091,0.1526000,1960,17015246,17015248,1678407304232,true
7216092,0.1526000,197,17015249,17015249,1678407304890,true
7216093,0.1525000,10016,17015250,17015256,1678407305275,true
7216094,0.1524000,1379,17015257,17015259,1678407307473,true
7216095,0.1524000,2525,17015260,17015263,1678407307782,true
7216096,0.1523000,9775,17015264,17015269,1678407308568,true
7216097,0.1524000,1509,17015270,17015270,1678407308737,false
7216098,0.1524000,34,17015271,17015271,1678407309589,false
7216099,0.1524000,1222,17015272,17015274,1678407309696,false
7216100,0.1524000,349,17015275,17015275,1678407309886,true
7216101,0.1525000,692,17015276,17015277,1678407310340,false
7216102,0.1525000,5162,17015278,17015282,1678407310877,false
7216103,0.1525000,522,17015283,17015283,1678407311019,false
7216104,0.1526000,2585,17015284,17015286,1678407311365,false
7216105,0.1526000,10628,17015287,17015294,1678407311582,true
7216106,0.1527000,1069,17015295,17015296,1678407312179,false
7216107,0.1526000,1293,17015297,17015297,1678407312459,true
7216108,0.1526000,4052,17015298,17015301,1678407312740,true
7216109,0.1526000,2332,17015302,17015304,1678407313243,false
7216110,0.1526000,3396,17015305,17015306,1678407313827,false
7216111,0.1526000,5484,17015307,17015310,1678407316020,true
7216112,0.1527000,2770,17015311,17015313,1678407316196,false
7216113,0.1527000,2397,17015314,17015316,1678407316847,false
7216114,0.1527000,492,17015317,17015319,1678407318067,true
7216115,0.1526000,10827,17015320,17015327,1678407321090,true
7216116,0.1526000,3258,17015328,17015330,1678407321196,true
7216117,0.1526000,788,17015331,17015331,1678407321643,false
7216118,0.1526000,135,17015332,17015332,1678407322333,false
7216119,0.1526000,671,17015333,17015333,1678407324775,true
7216120,0.1527000,1413,17015334,17015336,1678407325407,false
7216121,0.1528000,2280,17015337,17015338,1678407325453,false
7216122,0.1528000,22623,17015339,17015347,1678407327053,false
7216123,0.1529000,9549,17015348,17015353,1678407328325,false
7216124,0.1528000,790,17015354,17015354,1678407328327,true
7216125,0.1529000,1557,17015355,17015356,1678407328397,false
7216126,0.1529000,205,17015357,17015357,1678407328498,false
7216127,0.1529000,1087,17015358,17015358,1678407330337,true
7216128,0.1529000,419,17015359,17015359,1678407330584,true
7216129,0.1528000,676,17015360,17015360,1678407338295,true
7216130,0.1529000,1256,17015361,17015363,1678407339564,false
7216131,0.1530000,2080,17015364,17015366,1678407339564,false
7216132,0.1529000,1835,17015367,17015368,1678407341141,true
7216133,0.1528000,293,17015369,17015369,1678407350336,true
7216134,0.1528000,3754,17015370,17015373,1678407353773,true
7216135,0.1527000,288,17015374,17015374,1678407354478,false
7216136,0.1528000,834,17015375,17015376,1678407363792,false
7216137,0.1528000,1002,17015377,17015377,1678407364937,false
7216138,0.1528000,11447,17015378,17015387,1678407365078,false
7216139,0.1528000,12539,17015388,17015392,1678407365181,false
7216140,0.1529000,7636,17015393,17015398,1678407365238,false
7216141,0.1529000,2144,17015399,17015402,1678407366875,true
7216142,0.1529000,272,17015403,17015403,1678407367019,true
7216143,0.1529000,1448,17015404,17015405,1678407368701,false
7216144,0.1529000,2405,17015406,17015409,1678407375127,true
7216145,0.1529000,2051,17015410,17015412,1678407376035,false
7216146,0.1529000,349,17015413,17015413,1678407378673,true
7216147,0.1529000,4124,17015414,17015417,1678407379594,true
7216148,0.1529000,277,17015418,17015418,1678407380289,true
7216149,0.1528000,99,17015419,17015419,1678407384395,true
7216150,0.1529000,130,17015420,17015420,1678407390282,false
7216151,0.1529000,5460,17015421,17015423,1678407398311,true
7216152,0.1529000,5341,17015424,17015430,1678407400667,false
7216153,0.1529000,4110,17015431,17015436,1678407402407,true
7216154,0.1529000,1253,17015437,17015438,1678407402523,true
7216155,0.1528000,74,17015439,17015439,1678407407673,false
7216156,0.1528000,2541,17015440,17015444,1678407407983,false
7216157,0.1529000,2145,17015445,17015446,1678407415054,false
7216158,0.1529000,216,17015447,17015447,1678407418296,true
7216159,0.1530000,1364,17015448,17015450,1678407420777,false
7216160,0.1531000,4726,17015451,17015454,1678407427143,false
7216161,0.1532000,602,17015455,17015455,1678407427143,false
7216162,0.1532000,4258,17015456,17015461,1678407427265,false
7216163,0.1532000,354,17015462,17015463,1678407428281,true
7216164,0.1533000,4409,17015464,17015468,1678407429867,false
7216165,0.1533000,59,17015469,17015469,1678407432231,true
7216166,0.1533000,652,17015470,17015470,1678407436055,true
7216167,0.1533000,548,17015471,17015472,1678407440309,true
7216168,0.1533000,568,17015473,17015474,1678407444254,true
7216169,0.1533000,331,17015475,17015475,1678407448239,true
7216170,0.1533000,311,17015476,17015476,1678407450301,true
7216171,0.1534000,3508,17015477,17015480,1678407452879,false
7216172,0.1535000,2293,17015481,17015485,1678407454541,false
7216173,0.1535000,330,17015486,17015487,1678407458284,true
7216174,0.1535000,329,17015488,17015488,1678407462222,true
7216175,0.1536000,873,17015489,17015490,1678407465279,false
7216176,0.1535000,6495,17015491,17015497,1678407470321,true
7216177,0.1534000,235,17015498,17015499,1678407474254,true
7216178,0.1534000,235,17015500,17015500,1678407478302,true
7216179,0.1534000,235,17015501,17015501,1678407480298,true
7216180,0.1535000,1851,17015502,17015506,1678407480346,false
7216181,0.1536000,5622,17015507,17015512,1678407480597,false
7216182,0.1537000,667,17015513,17015513,1678407482877,false
7216183,0.1537000,6685,17015514,17015522,1678407486471,false
7216184,0.1538000,3006,17015523,17015526,1678407486849,false
7216185,0.1538000,234,17015527,17015528,1678407488498,true
7216186,0.1539000,5715,17015529,17015536,1678407488535,false
7216187,0.1540000,2073,17015537,17015539,1678407490059,false
7216188,0.1540000,6560,17015540,17015545,1678407490396,false
7216189,0.1540000,1799,17015546,17015547,1678407490802,false
7216190,0.1539000,468,17015548,17015548,1678407492240,true
7216191,0.1541000,581,17015549,17015549,1678407493038,false
7216192,0.1541000,1725,17015550,17015552,1678407494932,false
7216193,0.1541000,2591,17015553,17015555,1678407496536,false
7216194,0.1542000,4209,17015556,17015561,1678407496791,false
7216195,0.1542000,5268,17015562,17015564,1678407496829,true
7216196,0.1541000,327,17015565,17015565,1678407496954,true
7216197,0.1541000,4755,17015566,17015570,1678407498114,true
7216198,0.1540000,1846,17015571,17015572,1678407498133,true
7216199,0.1540000,558,17015573,17015573,1678407500275,true
7216200,0.1540000,676,17015574,17015574,1678407504295,true
7216201,0.1540000,2597,17015575,17015580,1678407507236,true
7216202,0.1540000,581,17015581,17015582,1678407507740,false
7216203,0.1539000,559,17015583,17015583,1678407508245,true
7216204,0.1539000,19104,17015584,17015590,1678407509443,true
7216205,0.1538000,13490,17015591,17015595,1678407509443,true
7216206,0.1538000,325,17015596,17015597,1678407510327,true
7216207,0.1538000,2883,17015598,17015602,1678407513957,false
7216208,0.1538000,59,17015603,17015603,1678407514278,true
7216209,0.1539000,764,17015604,17015606,1678407516406,false
7216210,0.1539000,581,17015607,17015607,1678407526199,false
7216211,0.1539000,233,17015608,17015608,1678407540360,true
7216212,0.1540000,581,17015609,17015609,1678407540447,false
7216213,0.1539000,5062,17015610,17015617,1678407544269,true
7216214,0.1538000,581,17015618,17015618,1678407547481,true
7216215,0.1538000,581,17015619,17015620,1678407549651,false
7216216,0.1537000,1886,17015621,17015625,1678407554093,true
7216217,0.1536000,57,17015626,17015626,1678407555605,true
7216218,0.1536000,280,17015627,17015628,1678407555736,true
7216219,0.1537000,15606,17015629,17015638,1678407556091,false
7216220,0.1537000,190,17015639,17015639,1678407558285,true
7216221,0.1538000,153,17015640,17015640,1678407563711,true
7216222,0.1537000,57,17015641,17015641,1678407564470,true
7216223,0.1537000,358,17015642,17015642,1678407568508,true
7216224,0.1537000,58648,17015643,17015650,1678407573204,true
7216225,0.1537000,11128,17015651,17015655,1678407573307,true
7216226,0.1536000,8191,17015656,17015660,1678407573467,true
7216227,0.1535000,1995,17015661,17015663,1678407573552,true
7216228,0.1535000,57,17015664,17015664,1678407577728,true
7216229,0.1535000,354,17015665,17015666,1678407578108,true
7216230,0.1535000,3641,17015667,17015670,1678407579164,true
7216231,0.1533000,57,17015671,17015671,1678407587977,true
7216232,0.1533000,2084,17015672,17015675,1678407588880,true
7216233,0.1532000,852,17015676,17015676,1678407590429,true
7216234,0.1531000,420,17015677,17015677,1678407597078,true
7216235,0.1532000,3442,17015678,17015681,1678407597248,false
7216236,0.1531000,57,17015682,17015682,1678407598167,true
7216237,0.1531000,2538,17015683,17015685,1678407600330,true
7216238,0.1531000,930,17015686,17015687,1678407602797,true
7216239,0.1532000,781,17015688,17015688,1678407603314,false
7216240,0.1532000,788,17015689,17015690,1678407604448,false
7216241,0.1531000,990,17015691,17015691,1678407604668,true
7216242,0.1531000,2000,17015692,17015694,1678407605744,true
7216243,0.1531000,922,17015695,17015699,1678407605851,true
7216244,0.1530000,2404,17015700,17015705,1678407606231,true
7216245,0.1530000,858,17015706,17015706,1678407606392,true
7216246,0.1530000,489,17015707,17015707,1678407607177,false
7216247,0.1529000,795,17015708,17015710,1678407609090,true
7216248,0.1528000,5740,17015711,17015715,1678407609090,true
7216249,0.1529000,4523,17015716,17015720,1678407609152,false
7216250,0.1528000,1742,17015721,17015721,1678407610912,true
7216251,0.1527000,57,17015722,17015722,1678407611942,true
7216252,0.1528000,2793,17015723,17015727,1678407612256,false
7216253,0.1529000,13230,17015728,17015733,1678407612965,false
7216254,0.1530000,2759,17015734,17015739,1678407616221,false
7216255,0.1529000,2089,17015740,17015743,1678407619695,true
7216256,0.1529000,108,17015744,17015744,1678407619902,true
7216257,0.1529000,392,17015745,17015745,1678407621221,false
7216258,0.1529000,709,17015746,17015746,1678407621935,false
7216259,0.1529000,1612,17015747,17015748,1678407622339,false
7216260,0.1528000,57,17015749,17015749,1678407622728,true
7216261,0.1529000,2778,17015750,17015751,1678407623251,false
7216262,0.1529000,120,17015752,17015752,1678407626709,false
7216263,0.1529000,5157,17015753,17015754,1678407628803,false
7216264,0.1529000,680,17015755,17015771,1678407630119,true
7216265,0.1529000,291,17015772,17015772,1678407635276,true
7216266,0.1529000,2665,17015773,17015776,1678407639751,true
7216267,0.1530000,2420,17015777,17015780,1678407645564,false
7216268,0.1531000,10230,17015781,17015786,1678407646701,false
7216269,0.1532000,12934,17015787,17015795,1678407646704,false
7216270,0.1532000,776,17015796,17015796,1678407648357,false
7216271,0.1533000,2252,17015797,17015799,1678407650987,false
7216272,0.1533000,80,17015800,17015800,1678407651634,true
7216273,0.1534000,3657,17015801,17015804,1678407652308,false
7216274,0.1535000,6535,17015805,17015809,1678407657168,false
7216275,0.1535000,2775,17015810,17015812,1678407659143,true
7216276,0.1534000,276,17015813,17015813,1678407660868,true
7216277,0.1534000,335,17015814,17015815,1678407661985,true
7216278,0.1534000,76,17015816,17015816,1678407664443,true
7216279,0.1535000,1736,17015817,17015821,1678407666973,false
7216280,0.1536000,2505,17015822,17015824,1678407667127,false
7216281,0.1537000,5608,17015825,17015827,1678407671044,false
7216282,0.1537000,359,17015828,17015828,1678407671592,true
7216283,0.1536000,76,17015829,17015829,1678407673161,true
7216284,0.1536000,217,17015830,17015830,1678407680119,true
7216285,0.1535000,92,17015831,17015831,1678407681709,true
7216286,0.1535000,76,17015832,17015832,1678407682291,true
7216287,0.1536000,3067,17015833,17015836,1678407685790,false
7216288,0.1537000,2607,17015837,17015840,1678407690151,true
7216289,0.1535000,90,17015841,17015842,1678407691895,true
7216290,0.1535000,76,17015843,17015843,1678407694414,true
7216291,0.1535000,76,17015844,17015844,1678407696950,true
7216292,0.1535000,266,17015845,17015845,1678407699669,true
7216293,0.1536000,2717,17015846,17015849,1678407703078,false
7216294,0.1535000,90,17015850,17015850,1678407705654,true
7216295,0.1535000,148,17015851,17015852,1678407707139,true
7216296,0.1535000,13867,17015853,17015861,1678407708607,true
7216297,0.1534000,3089,17015862,17015865,1678407708646,true
7216298,0.1534000,972,17015866,17015867,1678407709304,true
7216299,0.1533000,1380,17015868,17015871,1678407711714,true
7216300,0.1533000,402,17015872,17015873,1678407712668,true
7216301,0.1532000,72,17015874,17015874,1678407717476,true
7216302,0.1532000,76,17015875,17015875,1678407718315,true
7216303,0.1532000,90,17015876,17015876,1678407718837,true
7216304,0.1532000,110,17015877,17015877,1678407723962,true
7216305,0.1533000,1644,17015878,17015880,1678407724316,false
7216306,0.1534000,1850,17015881,17015883,1678407724798,false
7216307,0.1535000,926,17015884,17015884,1678407726815,false
7216308,0.1535000,1071,17015885,17015886,1678407728898,true
7216309,0.1534000,2000,17015887,17015889,1678407730778,true
7216310,0.1534000,452,17015890,17015891,1678407730890,true
7216311,0.1533000,1354,17015892,17015893,1678407731111,true
7216312,0.1533000,2704,17015894,17015896,1678407731634,true
7216313,0.1532000,72,17015897,17015897,1678407731777,true
7216314,0.1532000,2585,17015898,17015900,1678407732439,true
7216315,0.1531000,90,17015901,17015901,1678407732766,true
7216316,0.1532000,2248,17015902,17015904,1678407733710,false
7216317,0.1532000,2140,17015905,17015907,1678407733839,false
7216318,0.1533000,5376,17015908,17015911,1678407734506,false
7216319,0.1533000,912,17015912,17015912,1678407734617,false
7216320,0.1534000,3782,17015913,17015917,1678407735307,false
7216321,0.1534000,500,17015918,17015918,1678407738298,true
7216322,0.1535000,904,17015919,17015919,1678407740531,false
7216323,0.1535000,72,17015920,17015920,1678407740886,true
7216324,0.1535000,1457,17015921,17015923,1678407741340,true
7216325,0.1535000,3013,17015924,17015926,1678407741659,false
7216326,0.1537000,1443,17015927,17015928,1678407742740,false
7216327,0.1536000,90,17015929,17015929,1678407744426,true
7216328,0.1536000,1343,17015930,17015932,1678407747275,true
7216329,0.1534000,72,17015933,17015933,1678407755674,true
7216330,0.1534000,90,17015934,17015934,1678407756219,true
7216331,0.1534000,2764,17015935,17015940,1678407761939,true
7216332,0.1533000,72,17015941,17015941,1678407765863,true
7216333,0.1534000,3048,17015942,17015944,1678407766099,false
7216334,0.1534000,3447,17015945,17015947,1678407769410,true
7216335,0.1533000,66,17015948,17015948,1678407772420,true
7216336,0.1533000,4869,17015949,17015951,1678407780488,true
7216337,0.1533000,236,17015952,17015952,1678407782636,false
7216338,0.1532000,647,17015953,17015953,1678407783937,true
7216339,0.1531000,3710,17015954,17015959,1678407784100,true
7216340,0.1530000,358,17015960,17015960,1678407785717,true
7216341,0.1530000,60,17015961,17015961,1678407786629,true
7216342,0.1530000,53,17015962,17015962,1678407786878,true
7216343,0.1531000,246,17015963,17015964,1678407788264,false
7216344,0.1532000,4842,17015965,17015968,1678407788296,false
7216345,0.1531000,2716,17015969,17015974,1678407791387,true
7216346,0.1530000,221,17015975,17015976,1678407791878,true
7216347,0.1530000,60,17015977,17015978,1678407796298,true
7216348,0.1528000,53,17015979,17015979,1678407801238,true
7216349,0.1528000,5619,17015980,17015985,1678407803294,true
7216350,0.1528000,11094,17015986,17015990,1678407803424,true
7216351,0.1528000,3089,17015991,17015993,1678407805354,false
7216352,0.1529000,6782,17015994,17015998,1678407806280,false
7216353,0.1529000,2233,17015999,17016001,1678407806415,false
7216354,0.1529000,60,17016002,17016002,1678407807574,true
7216355,0.1530000,53,17016003,17016003,1678407811033,true
7216356,0.1530000,896,17016004,17016004,1678407812955,true
7216357,0.1530000,4167,17016005,17016009,1678407819901,true
7216358,0.1529000,60,17016010,17016010,1678407821722,true
7216359,0.1528000,53,17016011,17016011,1678407824272,true
7216360,0.1529000,2428,17016012,17016016,1678407828863,false
7216361,0.1529000,60,17016017,17016017,1678407828893,true
7216362,0.1529000,60,17016018,17016018,1678407837081,true
7216363,0.1529000,53,17016019,17016019,1678407838473,true
7216364,0.1529000,4154,17016020,17016023,1678407842834,true
7216365,0.1528000,3908,17016024,17016026,1678407846575,false
7216366,0.1528000,53,17016027,17016027,1678407848629,true
7216367,0.1528000,348,17016028,17016028,1678407849873,true
7216368,0.1528000,1841,17016029,17016031,1678407850682,true
7216369,0.1527000,2646,17016032,17016035,1678407852963,true
7216370,0.1526000,355,17016036,17016036,1678407853771,true
7216371,0.1526000,2354,17016037,17016041,1678407855135,true
7216372,0.1526000,1286,17016042,17016043,1678407859092,false
7216373,0.1526000,1565,17016044,17016045,1678407859230,false
7216374,0.1527000,12347,17016046,17016052,1678407859578,false
7216375,0.1527000,716,17016053,17016053,1678407859684,false
7216376,0.1528000,3348,17016054,17016058,1678407859963,false
7216377,0.1528000,1057,17016059,17016062,1678407862801,true
7216378,0.1526000,5463,17016063,17016068,1678407864318,true
7216379,0.1525000,11849,17016069,17016073,1678407864318,true
7216380,0.1525000,158,17016074,17016075,1678407864538,true
7216381,0.1526000,2607,17016076,17016079,1678407865404,false
7216382,0.1527000,3832,17016080,17016084,1678407865420,false
7216383,0.1527000,258,17016085,17016085,1678407865681,false
7216384,0.1528000,282,17016086,17016087,1678407871151,false
7216385,0.1529000,8992,17016088,17016091,1678407873308,false
7216386,0.1530000,4134,17016092,17016097,1678407874788,false
7216387,0.1531000,10884,17016098,17016104,1678407875071,false
7216388,0.1532000,3184,17016105,17016108,1678407875116,false
7216389,0.1532000,1387,17016109,17016109,1678407876487,false
7216390,0.1533000,1942,17016110,17016111,1678407877929,false
7216391,0.1533000,1304,17016112,17016113,1678407880863,true
7216392,0.1533000,1920,17016114,17016116,1678407885150,true
7216393,0.1533000,253,17016117,17016118,1678407885529,false
7216394,0.1532000,277,17016119,17016119,1678407885534,true
7216395,0.1533000,689,17016120,17016121,1678407888904,false
7216396,0.1534000,1867,17016122,17016124,1678407890178,false
7216397,0.1533000,333,17016125,17016126,1678407890813,true
7216398,0.1534000,1209,17016127,17016128,1678407892783,false
7216399,0.1534000,6784,17016129,17016135,1678407894188,true
7216400,0.1534000,1723,17016136,17016138,1678407897664,true
7216401,0.1534000,391,17016139,17016140,1678407898536,false
7216402,0.1535000,51,17016141,17016141,1678407898778,false
7216403,0.1534000,2536,17016142,17016144,1678407900322,true
7216404,0.1534000,131,17016145,17016145,1678407901268,true
7216405,0.1534000,2060,17016146,17016148,1678407901767,false
7216406,0.1534000,14126,17016149,17016154,1678407902938,true
7216407,0.1534000,1920,17016155,17016156,1678407903855,false
7216408,0.1535000,68943,17016157,17016164,1678407911440,false
7216409,0.1536000,11046,17016165,17016172,1678407911557,false
7216410,0.1537000,2938,17016173,17016177,1678407911563,false
7216411,0.1538000,740,17016178,17016180,1678407911661,false
7216412,0.1539000,2886,17016181,17016185,1678407911668,false
7216413,0.1538000,1617,17016186,17016186,1678407913138,false
7216414,0.1540000,3638,17016187,17016191,1678407916517,false
7216415,0.1541000,5103,17016192,17016198,1678407916609,false
7216416,0.1541000,11353,17016199,17016201,1678407917587,true
7216417,0.1540000,1397,17016202,17016205,1678407917623,true
7216418,0.1541000,7051,17016206,17016212,1678407919108,false
7216419,0.1540000,325,17016213,17016214,1678407921844,true
7216420,0.1541000,2781,17016215,17016219,1678407923285,false
7216421,0.1541000,236,17016220,17016220,1678407926986,true
7216422,0.1541000,5153,17016221,17016225,1678407928836,true
7216423,0.1540000,688,17016226,17016226,1678407928862,true
7216424,0.1541000,2086,17016227,17016228,1678407929465,false
7216425,0.1542000,17380,17016229,17016236,1678407929465,false
7216426,0.1542000,6757,17016237,17016241,1678407938573,false
7216427,0.1542000,629,17016242,17016243,1678407944100,true
7216428,0.1542000,6159,17016244,17016251,1678407947659,true
7216429,0.1541000,62,17016252,17016252,1678407957030,true
7216430,0.1541000,4237,17016253,17016257,1678407962733,true
7216431,0.1540000,60,17016258,17016258,1678407968214,true
7216432,0.1540000,3796,17016259,17016262,1678407969137,true
7216433,0.1539000,207,17016263,17016263,1678407973727,true
7216434,0.1540000,1769,17016264,17016268,1678407977344,false
7216435,0.1540000,303,17016269,17016269,1678407978115,true
7216436,0.1540000,60,17016270,17016270,1678407980429,true
7216437,0.1540000,260,17016271,17016271,1678407980906,true
7216438,0.1539000,571,17016272,17016274,1678407983986,true
7216439,0.1539000,2505,17016275,17016279,1678407990898,false
7216440,0.1539000,359,17016280,17016281,1678407992435,true
7216441,0.1539000,60,17016282,17016282,1678407994681,true
7216442,0.1539000,338,17016283,17016283,1678408000616,true
7216443,0.1539000,51,17016284,17016284,1678408002373,true
7216444,0.1540000,80,17016285,17016285,1678408005663,false
7216445,0.1539000,60,17016286,17016286,1678408006912,true
7216446,0.1539000,3202,17016287,17016291,1678408007310,true
7216447,0.1538000,337,17016292,17016292,1678408007484,true
7216448,0.1538000,326,17016293,17016293,1678408009421,true
7216449,0.1539000,60,17016294,17016294,1678408015099,true
7216450,0.1539000,51,17016295,17016295,1678408015553,true
7216451,0.1539000,2120,17016296,17016298,1678408016276,true
7216452,0.1539000,484,17016299,17016300,1678408021544,false
7216453,0.1539000,51,17016301,17016301,1678408022731,true
7216454,0.1539000,677,17016302,17016302,1678408023910,true
7216455,0.1539000,60,17016303,17016303,1678408028349,true
7216456,0.1539000,51,17016304,17016304,1678408035475,true
7216457,0.1539000,2512,17016305,17016308,1678408037074,true
7216458,0.1538000,338,17016309,17016309,1678408038266,true
7216459,0.1538000,2379,17016310,17016314,1678408045658,false
7216460,0.1538000,2062,17016315,17016318,1678408045819,false
7216461,0.1538000,1375,17016319,17016320,1678408045943,false
7216462,0.1540000,4527,17016321,17016323,1678408046564,false
7216463,0.1540000,751,17016324,17016325,1678408048681,false
7216464,0.1540000,51,17016326,17016326,1678408049728,true
7216465,0.1541000,2868,17016327,17016330,1678408059188,false
7216466,0.1541000,51,17016331,17016331,1678408060900,true
7216467,0.1541000,315,17016332,17016332,1678408062563,true
7216468,0.1541000,51,17016333,17016333,1678408070170,true
7216469,0.1541000,2281,17016334,17016338,1678408076636,true
7216470,0.1540000,2000,17016339,17016341,1678408076752,true
7216471,0.1540000,3387,17016342,17016345,1678408077074,true
7216472,0.1539000,288,17016346,17016346,1678408079571,true
7216473,0.1538000,5443,17016347,17016351,1678408082733,true
7216474,0.1537000,919,17016352,17016352,1678408083169,true
7216475,0.1537000,1059,17016353,17016354,1678408083452,true
7216476,0.1537000,5192,17016355,17016357,1678408085995,true
7216477,0.1536000,6019,17016358,17016362,1678408086208,true
7216478,0.1535000,205,17016363,17016363,1678408086216,true
7216479,0.1535000,5340,17016364,17016369,1678408086726,true
7216480,0.1534000,7504,17016370,17016372,1678408087880,true
7216481,0.1534000,5324,17016373,17016377,1678408088059,true
7216482,0.1533000,1928,17016378,17016380,1678408093382,true
7216483,0.1533000,2521,17016381,17016385,1678408095383,false
7216484,0.1534000,326,17016386,17016387,1678408101517,false
7216485,0.1534000,10166,17016388,17016392,1678408101933,false
7216486,0.1535000,1370,17016393,17016394,1678408102043,false
7216487,0.1535000,2119,17016395,17016396,1678408109205,false
7216488,0.1535000,927,17016397,17016400,1678408119146,true
7216489,0.1535000,3946,17016401,17016406,1678408122431,false
7216490,0.1536000,1719,17016407,17016410,1678408123178,true
7216491,0.1536000,939,17016411,17016413,1678408123478,true
7216492,0.1536000,356,17016414,17016414,1678408127177,true
7216493,0.1536000,185,17016415,17016415,1678408140528,true
7216494,0.1536000,330,17016416,17016416,1678408141761,false
7216495,0.1536000,3088,17016417,17016418,1678408142853,false
7216496,0.1536000,1070,17016419,17016419,1678408142969,false
7216497,0.1537000,1000,17016420,17016420,1678408147753,false
7216498,0.1538000,5846,17016421,17016424,1678408152160,false
7216499,0.1538000,335,17016425,17016425,1678408153150,true
7216500,0.1538000,3735,17016426,17016431,1678408155277,true
7216501,0.1538000,10275,17016432,17016438,1678408159885,true
7216502,0.1538000,3299,17016439,17016440,1678408160006,true
7216503,0.1538000,2238,17016441,17016442,1678408162168,false
7216504,0.1539000,4186,17016443,17016446,1678408171450,false
7216505,0.1539000,244,17016447,17016447,1678408171616,false
7216506,0.1540000,5967,17016448,17016452,1678408174389,false
7216507,0.1541000,10818,17016453,17016458,1678408174494,false
7216508,0.1541000,194,17016459,17016459,1678408174741,false
7216509,0.1541000,2448,17016460,17016460,1678408179784,false
7216510,0.1541000,11384,17016461,17016468,1678408185728,false
7216511,0.1542000,77,17016469,17016469,1678408191279,false
7216512,0.1541000,4000,17016470,17016470,1678408191754,true
7216513,0.1541000,2404,17016471,17016471,1678408192015,true
7216514,0.1541000,11375,17016472,17016479,1678408193407,true
7216515,0.1540000,348,17016480,17016480,1678408193468,true
7216516,0.1540000,360,17016481,17016481,1678408197425,true
7216517,0.1539000,723,17016482,17016482,1678408202857,true
7216518,0.1539000,978,17016483,17016484,1678408203145,true
7216519,0.1538000,654,17016485,17016485,1678408203682,true
7216520,0.1538000,1189,17016486,17016486,1678408203997,true
7216521,0.1538000,3003,17016487,17016489,1678408204356,true
7216522,0.1539000,8994,17016490,17016496,1678408205498,false
7216523,0.1539000,1618,17016497,17016497,1678408205645,false
7216524,0.1539000,5811,17016498,17016499,1678408205684,true
7216525,0.1540000,9297,17016500,17016510,1678408205774,false
7216526,0.1540000,3671,17016511,17016512,1678408205915,false
7216527,0.1540000,4309,17016513,17016517,1678408206811,true
7216528,0.1540000,1851,17016518,17016520,1678408207811,true
7216529,0.1539000,1175,17016521,17016523,1678408208448,true
7216530,0.1539000,13450,17016524,17016527,1678408216150,true
7216531,0.1539000,404,17016528,17016528,1678408216884,false
7216532,0.1538000,2561,17016529,17016529,1678408218353,true
7216533,0.1538000,17048,17016530,17016534,1678408219381,true
7216534,0.1537000,1663,17016535,17016537,1678408220939,true
7216535,0.1536000,647,17016538,17016538,1678408223120,true
7216536,0.1536000,932,17016539,17016540,1678408223288,false
7216537,0.1536000,753,17016541,17016542,1678408223613,false
7216538,0.1537000,554,17016543,17016544,1678408224341,false
7216539,0.1537000,1118,17016545,17016546,1678408227062,false
7216540,0.1537000,1978,17016547,17016549,1678408227643,false
7216541,0.1538000,5081,17016550,17016553,1678408228306,false
7216542,0.1538000,1265,17016554,17016555,1678408228408,false
7216543,0.1539000,742,17016556,17016556,1678408230249,false
7216544,0.1539000,11789,17016557,17016563,1678408232831,false
7216545,0.1540000,1486,17016564,17016565,1678408233574,false
7216546,0.1541000,2594,17016566,17016567,1678408234747,false
7216547,0.1541000,1599,17016568,17016568,1678408241063,true
7216548,0.1541000,6083,17016569,17016572,1678408241166,true
7216549,0.1541000,1139,17016573,17016576,1678408242704,true
7216550,0.1541000,2797,17016577,17016579,1678408243442,false
7216551,0.1540000,1021,17016580,17016581,1678408247723,true
7216552,0.1540000,374,17016582,17016582,1678408248212,true
7216553,0.1540000,105,17016583,17016583,1678408255894,true
7216554,0.1540000,129,17016584,17016584,1678408260163,false
7216555,0.1539000,129,17016585,17016585,1678408262832,true
7216556,0.1539000,8660,17016586,17016589,1678408270140,true
7216557,0.1538000,197,17016590,17016590,1678408270619,true
7216558,0.1538000,2978,17016591,17016594,1678408282168,true
7216559,0.1537000,1930,17016595,17016596,1678408289840,true
7216560,0.1537000,211,17016597,17016597,1678408290340,false
7216561,0.1536000,1118,17016598,17016598,1678408293874,true
7216562,0.1535000,16750,17016599,17016607,1678408293874,true
7216563,0.1534000,10246,17016608,17016611,1678408293874,true
7216564,0.1535000,1092,17016612,17016614,1678408295419,false
7216565,0.1535000,93,17016615,17016615,1678408297855,true
7216566,0.1535000,1888,17016616,17016618,1678408302183,false
7216567,0.1535000,93,17016619,17016619,1678408312030,true
7216568,0.1536000,94,17016620,17016620,1678408314270,false
7216569,0.1535000,300,17016621,17016622,1678408317953,true
7216570,0.1535000,39,17016623,17016623,1678408317962,false
7216571,0.1535000,93,17016624,17016624,1678408320280,true
7216572,0.1536000,117,17016625,17016625,1678408320285,false
7216573,0.1536000,5253,17016626,17016635,1678408322062,false
7216574,0.1535000,93,17016636,17016636,1678408333447,true
7216575,0.1535000,93,17016637,17016637,1678408345625,true
7216576,0.1535000,3090,17016638,17016642,1678408353191,true
7216577,0.1534000,39,17016643,17016644,1678408356145,true
7216578,0.1534000,93,17016645,17016645,1678408358745,true
7216579,0.1535000,246,17016646,17016646,1678408359854,false
7216580,0.1535000,93,17016647,17016647,1678408366918,true
7216581,0.1535000,1488,17016648,17016649,1678408368203,true
7216582,0.1534000,1102,17016650,17016651,1678408373889,false
7216583,0.1535000,59,17016652,17016652,1678408374249,false
7216584,0.1535000,50,17016653,17016653,1678408378289,false
7216585,0.1534000,2069,17016654,17016657,1678408378856,true
7216586,0.1534000,3154,17016658,17016660,1678408379595,false
7216587,0.1535000,59,17016661,17016661,1678408380274,false
7216588,0.1533000,1334,17016662,17016663,1678408386859,true
7216589,0.1532000,358,17016664,17016664,1678408388498,true
7216590,0.1533000,2240,17016665,17016668,1678408389307,false
7216591,0.1534000,9977,17016669,17016673,1678408392102,false
7216592,0.1535000,118,17016674,17016674,1678408393894,false
7216593,0.1535000,297,17016675,17016676,1678408403210,true
7216594,0.1535000,341,17016677,17016677,1678408412215,true
7216595,0.1535000,1358,17016678,17016679,1678408415551,true
7216596,0.1534000,362,17016680,17016680,1678408416334,true
7216597,0.1534000,929,17016681,17016683,1678408419162,true
7216598,0.1534000,1441,17016684,17016687,1678408441528,true
7216599,0.1534000,356,17016688,17016689,1678408442722,false
7216600,0.1534000,8596,17016690,17016694,1678408444296,true
7216601,0.1533000,2198,17016695,17016696,1678408451598,true
7216602,0.1532000,214,17016697,17016697,1678408452650,true
7216603,0.1533000,79,17016698,17016698,1678408464302,false
7216604,0.1532000,4027,17016699,17016703,1678408465724,true
7216605,0.1531000,6727,17016704,17016710,1678408465724,true
7216606,0.1530000,11783,17016711,17016720,1678408465724,true
7216607,0.1531000,1207,17016721,17016721,1678408465759,false
7216608,0.1531000,251,17016722,17016722,1678408467427,false
7216609,0.1531000,3447,17016723,17016724,1678408467587,false
7216610,0.1532000,3915,17016725,17016728,1678408467588,false
7216611,0.1532000,1676,17016729,17016729,1678408468221,false
7216612,0.1533000,4203,17016730,17016738,1678408470255,false
7216613,0.1533000,571,17016739,17016739,1678408470508,false
7216614,0.1533000,107,17016740,17016740,1678408470790,false
7216615,0.1534000,9749,17016741,17016749,1678408473748,true
7216616,0.1534000,4973,17016750,17016756,1678408475197,false
7216617,0.1535000,888,17016757,17016758,1678408475435,false
7216618,0.1535000,649,17016759,17016759,1678408476887,false
7216619,0.1535000,1219,17016760,17016763,1678408483379,true
7216620,0.1535000,1433,17016764,17016765,1678408490394,false
7216621,0.1535000,3163,17016766,17016769,1678408492017,true
7216622,0.1535000,4922,17016770,17016770,1678408492181,true
7216623,0.1536000,1256,17016771,17016772,1678408504656,false
7216624,0.1537000,4939,17016773,17016776,1678408504789,false
7216625,0.1537000,1134,17016777,17016778,1678408504929,false
7216626,0.1537000,1827,17016779,17016781,1678408506708,true
7216627,0.1537000,637,17016782,17016783,1678408515221,false
7216628,0.1537000,3249,17016784,17016785,1678408521709,false
7216629,0.1537000,3250,17016786,17016788,1678408522557,false
7216630,0.1538000,4718,17016789,17016793,1678408522607,false
7216631,0.1537000,1449,17016794,17016794,1678408524279,true
7216632,0.1538000,829,17016795,17016796,1678408528297,true
7216633,0.1538000,5127,17016797,17016803,1678408530259,true
7216634,0.1537000,4274,17016804,17016805,1678408532598,true
7216635,0.1536000,12249,17016806,17016812,1678408533233,true
7216636,0.1536000,322,17016813,17016814,1678408533445,true
7216637,0.1535000,4348,17016815,17016819,1678408533888,true
7216638,0.1534000,428,17016820,17016820,1678408534629,true
7216639,0.1535000,1093,17016821,17016822,1678408537494,false
7216640,0.1534000,635,17016823,17016823,1678408538245,true
7216641,0.1534000,401,17016824,17016825,1678408542274,true
7216642,0.1534000,185,17016826,17016826,1678408546358,true
7216643,0.1534000,311,17016827,17016827,1678408550293,true
7216644,0.1534000,10010,17016828,17016833,1678408552779,true
7216645,0.1533000,7623,17016834,17016837,1678408553804,true
7216646,0.1532000,2246,17016838,17016839,1678408559428,true
7216647,0.1531000,647,17016840,17016840,1678408560127,true
7216648,0.1530000,1980,17016841,17016845,1678408563074,true
7216649,0.1529000,4584,17016846,17016849,1678408563074,true
7216650,0.1529000,3088,17016850,17016852,1678408563540,true
7216651,0.1528000,1794,17016853,17016855,1678408564534,true
7216652,0.1527000,336,17016856,17016856,1678408564963,true
7216653,0.1527000,2288,17016857,17016859,1678408566074,true
7216654,0.1526000,15543,17016860,17016868,1678408566074,true
7216655,0.1525000,1001,17016869,17016870,1678408566074,true
7216656,0.1525000,3249,17016871,17016871,1678408568096,true
7216657,0.1525000,338,17016872,17016872,1678408570639,true
7216658,0.1525000,11905,17016873,17016879,1678408575799,true
7216659,0.1524000,7124,17016880,17016888,1678408575902,true
7216660,0.1524000,2770,17016889,17016891,1678408578875,false
7216661,0.1524000,2391,17016892,17016893,1678408578985,false
7216662,0.1523000,6560,17016894,17016898,1678408579142,true
7216663,0.1524000,374,17016899,17016899,1678408579220,false
7216664,0.1525000,656,17016900,17016901,1678408579236,false
7216665,0.1524000,1289,17016902,17016905,1678408579533,true
7216666,0.1524000,1342,17016906,17016906,1678408581359,true
7216667,0.1524000,374,17016907,17016907,1678408585813,false
7216668,0.1525000,9186,17016908,17016914,1678408595207,false
7216669,0.1526000,10311,17016915,17016921,1678408599188,false
7216670,0.1527000,2639,17016922,17016924,1678408599224,false
7216671,0.1526000,5876,17016925,17016929,1678408600320,true
7216672,0.1524000,2468,17016930,17016933,1678408613570,true
7216673,0.1523000,362,17016934,17016934,1678408620114,true
7216674,0.1523000,2878,17016935,17016937,1678408622537,true
7216675,0.1523000,85,17016938,17016938,1678408623200,false
7216676,0.1523000,1726,17016939,17016940,1678408625827,false
7216677,0.1524000,2020,17016941,17016941,1678408627866,false
7216678,0.1524000,3142,17016942,17016943,1678408627973,false
7216679,0.1524000,2528,17016944,17016947,1678408629226,true
7216680,0.1523000,165,17016948,17016948,1678408630260,false
7216681,0.1523000,2400,17016949,17016953,1678408636696,false
7216682,0.1524000,99,17016954,17016954,1678408640732,true
7216683,0.1524000,359,17016955,17016955,1678408664583,true
7216684,0.1525000,1190,17016956,17016956,1678408672195,false
7216685,0.1526000,657,17016957,17016957,1678408682074,false
7216686,0.1526000,2454,17016958,17016959,1678408684890,false
7216687,0.1526000,4321,17016960,17016963,1678408694345,true
7216688,0.1525000,4697,17016964,17016967,1678408694415,true
7216689,0.1525000,1252,17016968,17016969,1678408695486,false
7216690,0.1525000,3048,17016970,17016974,1678408706149,true
7216691,0.1524000,853,17016975,17016976,1678408710139,true
7216692,0.1523000,1021,17016977,17016978,1678408711031,true
7216693,0.1523000,2016,17016979,17016982,1678408720457,false
7216694,0.1523000,262,17016983,17016983,1678408721359,false
7216695,0.1524000,3789,17016984,17016988,1678408721640,false
7216696,0.1524000,978,17016989,17016990,1678408721881,false
7216697,0.1525000,7323,17016991,17017001,1678408757753,false
7216698,0.1526000,10215,17017002,17017013,1678408769097,true
7216699,0.1526000,131,17017014,17017014,1678408776304,false
7216700,0.1525000,342,17017015,17017015,1678408795125,true
7216701,0.1526000,1995,17017016,17017018,1678408797219,false
7216702,0.1527000,33,17017019,17017019,1678408797359,false
7216703,0.1526000,336,17017020,17017020,1678408804570,true
7216704,0.1526000,1066,17017021,17017022,1678408804723,true
7216705,0.1527000,394,17017023,17017023,1678408805437,false
7216706,0.1526000,2072,17017024,17017025,1678408805701,true
7216707,0.1526000,1057,17017026,17017027,1678408806894,true
7216708,0.1525000,342,17017028,17017028,1678408807054,true
7216709,0.1526000,1326,17017029,17017030,1678408810949,false
7216710,0.1527000,680,17017031,17017031,1678408811023,false
7216711,0.1527000,4042,17017032,17017037,1678408812720,false
7216712,0.1527000,6691,17017038,17017042,1678408812836,false
7216713,0.1528000,2221,17017043,17017043,1678408813530,false
7216714,0.1528000,349,17017044,17017044,1678408813653,false
7216715,0.1528000,1776,17017045,17017046,1678408813934,false
7216716,0.1529000,813,17017047,17017047,1678408814707,false
7216717,0.1529000,4979,17017048,17017053,1678408817747,true
7216718,0.1528000,363,17017054,17017054,1678408820381,true
7216719,0.1528000,1534,17017055,17017058,1678408821067,true
7216720,0.1528000,1522,17017059,17017060,1678408822504,false
7216721,0.1529000,1980,17017061,17017065,1678408822504,false
7216722,0.1529000,3175,17017066,17017067,1678408822794,false
7216723,0.1529000,510,17017068,17017068,1678408824319,false
7216724,0.1528000,2801,17017069,17017071,1678408826676,true
7216725,0.1528000,638,17017072,17017073,1678408828112,false
7216726,0.1528000,88,17017074,17017074,1678408828263,false
7216727,0.1528000,1169,17017075,17017075,1678408830421,false
7216728,0.1528000,199,17017076,17017076,1678408840234,true
7216729,0.1529000,3062,17017077,17017079,1678408846249,false
7216730,0.1528000,4067,17017080,17017083,1678408856872,true
7216731,0.1527000,9026,17017084,17017091,1678408859702,true
7216732,0.1527000,119,17017092,17017092,1678408860310,false
7216733,0.1527000,130,17017093,17017093,1678408866015,false
7216734,0.1526000,6557,17017094,17017097,1678408867336,true
7216735,0.1526000,1355,17017098,17017098,1678408880746,true
7216736,0.1526000,7486,17017099,17017104,1678408880906,false
7216737,0.1527000,229,17017105,17017105,1678408884249,false
7216738,0.1527000,110,17017106,17017106,1678408888327,false
7216739,0.1526000,4913,17017107,17017110,1678408889458,true
7216740,0.1526000,52,17017111,17017111,1678408890283,false
7216741,0.1525000,7169,17017112,17017115,1678408890704,true
7216742,0.1525000,7504,17017116,17017117,1678408891090,true
7216743,0.1525000,711,17017118,17017118,1678408893106,true
7216744,0.1525000,986,17017119,17017119,1678408894330,true
7216745,0.1525000,7270,17017120,17017122,1678408897232,true
7216746,0.1525000,3943,17017123,17017126,1678408897368,true
7216747,0.1524000,2613,17017127,17017131,1678408898922,true
7216748,0.1523000,330,17017132,17017132,1678408914342,false
7216749,0.1522000,1680,17017133,17017137,1678408916755,true
7216750,0.1523000,474,17017138,17017139,1678408918293,false
7216751,0.1523000,342,17017140,17017140,1678408920410,false
7216752,0.1523000,691,17017141,17017141,1678408922722,true
7216753,0.1523000,3496,17017142,17017146,1678408924110,true
7216754,0.1524000,660,17017147,17017148,1678408924169,false
7216755,0.1524000,71,17017149,17017149,1678408924291,false
7216756,0.1524000,2036,17017150,17017152,1678408926091,true
7216757,0.1524000,360,17017153,17017153,1678408926872,true
7216758,0.1524000,7217,17017154,17017158,1678408958940,false
7216759,0.1524000,10145,17017159,17017162,1678408963853,true
7216760,0.1524000,1583,17017163,17017163,1678408967181,true
7216761,0.1523000,3490,17017164,17017167,1678408967181,true
7216762,0.1524000,669,17017168,17017168,1678408985050,true
7216763,0.1524000,2552,17017169,17017169,1678408985930,true
7216764,0.1523000,2521,17017170,17017171,1678408985930,true
7216765,0.1523000,144,17017172,17017172,1678408986065,true
7216766,0.1523000,374,17017173,17017173,1678408987118,false
7216767,0.1524000,819,17017174,17017174,1678409000110,true
7216768,0.1523000,1339,17017175,17017176,1678409000110,true
7216769,0.1523000,340,17017177,17017177,1678409005482,true
7216770,0.1523000,6362,17017178,17017180,1678409008678,true
7216771,0.1522000,4845,17017181,17017184,1678409008870,true
7216772,0.1522000,412,17017185,17017186,1678409012903,true
7216773,0.1521000,2162,17017187,17017191,1678409016835,true
7216774,0.1521000,126,17017192,17017192,1678409038302,false
7216775,0.1520000,364,17017193,17017193,1678409041579,true
7216776,0.1520000,2448,17017194,17017197,1678409042988,true
7216777,0.1520000,7074,17017198,17017202,1678409044747,true
7216778,0.1520000,80,17017203,17017203,1678409048287,false
7216779,0.1520000,657,17017204,17017204,1678409048415,false
7216780,0.1520000,5446,17017205,17017210,1678409051469,false
7216781,0.1520000,336,17017211,17017212,1678409061446,true
7216782,0.1520000,11051,17017213,17017217,1678409065726,true
7216783,0.1519000,10567,17017218,17017224,1678409065841,true
7216784,0.1519000,150,17017225,17017225,1678409066408,false
7216785,0.1519000,2027,17017226,17017228,1678409067054,false
7216786,0.1519000,197,17017229,17017229,1678409067096,true
7216787,0.1519000,164,17017230,17017230,1678409069195,true
7216788,0.1518000,3242,17017231,17017239,1678409071294,true
7216789,0.1518000,97,17017240,17017240,1678409078225,false
7216790,0.1518000,150,17017241,17017241,1678409082691,false
7216791,0.1517000,105,17017242,17017242,1678409083660,true
7216792,0.1518000,2275,17017243,17017244,1678409085899,false
7216793,0.1519000,6742,17017245,17017247,1678409094558,true
7216794,0.1518000,4235,17017248,17017252,1678409094558,true
7216795,0.1518000,12153,17017253,17017255,1678409094571,false
7216796,0.1518000,707,17017256,17017256,1678409098376,false
7216797,0.1517000,18219,17017257,17017268,1678409100280,true
7216798,0.1516000,658,17017269,17017273,1678409101075,true
7216799,0.1517000,2092,17017274,17017275,1678409102543,false
7216800,0.1517000,1217,17017276,17017276,1678409104685,false
7216801,0.1517000,814,17017277,17017277,1678409106671,false
7216802,0.1516000,9198,17017278,17017283,1678409111282,true
7216803,0.1515000,13545,17017284,17017295,1678409111282,true
7216804,0.1515000,10728,17017296,17017302,1678409120312,true
7216805,0.1515000,329,17017303,17017303,1678409121337,false
7216806,0.1515000,2390,17017304,17017305,1678409121994,false
7216807,0.1515000,2924,17017306,17017308,1678409123229,false
7216808,0.1515000,12144,17017309,17017314,1678409123604,false
7216809,0.1516000,3750,17017315,17017317,1678409123604,false
7216810,0.1516000,355,17017318,17017318,1678409123957,false
7216811,0.1516000,3508,17017319,17017321,1678409125300,false
7216812,0.1515000,88,17017322,17017322,1678409126425,true
7216813,0.1515000,2396,17017323,17017325,1678409134454,true
7216814,0.1515000,86,17017326,17017326,1678409137258,true
7216815,0.1516000,4287,17017327,17017330,1678409137589,false
7216816,0.1515000,4628,17017331,17017336,1678409137912,true
7216817,0.1515000,9331,17017337,17017345,1678409138237,true
7216818,0.1514000,920,17017346,17017347,1678409139121,true
7216819,0.1514000,12188,17017348,17017350,1678409142619,true
7216820,0.1515000,1770,17017351,17017352,1678409142810,false
7216821,0.1514000,86,17017353,17017353,1678409147445,true
7216822,0.1514000,8659,17017354,17017355,1678409151686,true
7216823,0.1513000,86,17017356,17017356,1678409157117,true
7216824,0.1514000,781,17017357,17017358,1678409162805,false
7216825,0.1514000,1562,17017359,17017360,1678409163937,false
7216826,0.1514000,6263,17017361,17017363,1678409168083,false
7216827,0.1514000,343,17017364,17017364,1678409168565,true
7216828,0.1515000,14396,17017365,17017370,1678409170423,false
7216829,0.1515000,25168,17017371,17017376,1678409170535,false
7216830,0.1515000,65291,17017377,17017378,1678409170663,false
7216831,0.1516000,8649,17017379,17017384,1678409170765,false
7216832,0.1517000,2331,17017385,17017387,1678409170831,false
7216833,0.1517000,295,17017388,17017388,1678409171116,false
7216834,0.1516000,86,17017389,17017389,1678409171289,true
7216835,0.1516000,2804,17017390,17017393,1678409171753,true
7216836,0.1518000,3625,17017394,17017396,1678409173932,true
7216837,0.1517000,789,17017397,17017397,1678409173941,true
7216838,0.1517000,8002,17017398,17017406,1678409178542,true
7216839,0.1516000,86,17017407,17017407,1678409181008,true
7216840,0.1516000,6062,17017408,17017413,1678409189566,true
7216841,0.1515000,86,17017414,17017414,1678409193915,true
7216842,0.1516000,2674,17017415,17017416,1678409202816,true
7216843,0.1515000,362,17017417,17017417,1678409205190,true
7216844,0.1515000,6105,17017418,17017421,1678409208563,true
7216845,0.1515000,1156,17017422,17017423,1678409215603,false
7216846,0.1515000,3491,17017424,17017426,1678409221565,true
7216847,0.1514000,338,17017427,17017427,1678409226507,true
7216848,0.1515000,1062,17017428,17017430,1678409227456,false
7216849,0.1515000,3209,17017431,17017433,1678409240305,true
7216850,0.1515000,288,17017434,17017434,1678409244044,false
7216851,0.1516000,131,17017435,17017435,1678409246979,false
7216852,0.1515000,365,17017436,17017437,1678409247348,true
7216853,0.1515000,1997,17017438,17017440,1678409262609,true
7216854,0.1515000,6336,17017441,17017444,1678409269771,true
7216855,0.1514000,9932,17017445,17017453,1678409270812,true
7216856,0.1514000,3731,17017454,17017458,1678409278282,false
7216857,0.1515000,1340,17017459,17017460,1678409283442,false
7216858,0.1515000,1876,17017461,17017461,1678409283869,false
7216859,0.1514000,343,17017462,17017462,1678409288222,true
7216860,0.1514000,1060,17017463,17017464,1678409306916,true
7216861,0.1514000,10782,17017465,17017472,1678409307028,true
7216862,0.1513000,3872,17017473,17017479,1678409308832,true
7216863,0.1513000,4045,17017480,17017485,1678409313709,false
7216864,0.1514000,400,17017486,17017487,1678409318760,false
7216865,0.1514000,65,17017488,17017488,1678409328252,false
7216866,0.1514000,2189,17017489,17017490,1678409328772,false
7216867,0.1515000,1177,17017491,17017492,1678409328772,false
7216868,0.1514000,4261,17017493,17017496,1678409331345,true
7216869,0.1514000,1533,17017497,17017498,1678409345407,false
7216870,0.1513000,8008,17017499,17017504,1678409347728,true
7216871,0.1512000,5245,17017505,17017509,1678409347728,true
7216872,0.1512000,1507,17017510,17017511,1678409347917,false
7216873,0.1512000,740,17017512,17017512,1678409349069,false
7216874,0.1513000,170,17017513,17017513,1678409353810,false
7216875,0.1512000,1687,17017514,17017514,1678409358955,true
7216876,0.1512000,1293,17017515,17017515,1678409364565,true
7216877,0.1512000,420,17017516,17017518,1678409370645,true
7216878,0.1513000,325,17017519,17017520,1678409378512,false
7216879,0.1513000,324,17017521,17017521,1678409391730,false
7216880,0.1513000,324,17017522,17017522,1678409398982,false
7216881,0.1512000,2528,17017523,17017523,1678409400357,true
7216882,0.1512000,6474,17017524,17017530,1678409403727,true
7216883,0.1512000,4962,17017531,17017532,1678409405614,true
7216884,0.1511000,1718,17017533,17017535,1678409406709,true
7216885,0.1513000,324,17017536,17017537,1678409412105,false
7216886,0.1512000,2930,17017538,17017540,1678409415432,true
7216887,0.1512000,67,17017541,17017541,1678409415796,false
7216888,0.1511000,3807,17017542,17017547,1678409416520,true
7216889,0.1510000,8900,17017548,17017555,1678409416597,true
7216890,0.1509000,19386,17017556,17017567,1678409416597,true
7216891,0.1508000,21274,17017568,17017574,1678409416597,true
7216892,0.1507000,5995,17017575,17017577,1678409416597,true
7216893,0.1508000,1632,17017578,17017579,1678409416660,false
7216894,0.1508000,7788,17017580,17017586,1678409418073,true
7216895,0.1507000,2952,17017587,17017588,1678409420355,true
7216896,0.1508000,239,17017589,17017589,1678409421841,false
7216897,0.1508000,4992,17017590,17017593,1678409422472,false
7216898,0.1509000,3248,17017594,17017594,1678409422553,false
7216899,0.1508000,1619,17017595,17017597,1678409422568,true
7216900,0.1507000,1180,17017598,17017598,1678409422568,true
7216901,0.1509000,1030,17017599,17017600,1678409422569,false
7216902,0.1508000,374,17017601,17017601,1678409422588,false
7216903,0.1509000,324,17017602,17017602,1678409424357,false
7216904,0.1508000,236,17017603,17017603,1678409425922,true
7216905,0.1508000,2108,17017604,17017606,1678409427077,true
7216906,0.1507000,2961,17017607,17017607,1678409428922,true
7216907,0.1508000,7537,17017608,17017611,1678409433849,false
7216908,0.1509000,9192,17017612,17017615,1678409433849,false
7216909,0.1508000,2964,17017616,17017617,1678409435726,true
7216910,0.1508000,7257,17017618,17017623,1678409435912,true
7216911,0.1507000,1374,17017624,17017624,1678409435932,true
7216912,0.1508000,324,17017625,17017625,1678409436112,false
7216913,0.1508000,3660,17017626,17017627,1678409438652,false
7216914,0.1508000,278,17017628,17017628,1678409439120,true
7216915,0.1508000,6961,17017629,17017631,1678409441453,true
7216916,0.1507000,11184,17017632,17017637,1678409441453,true
7216917,0.1508000,324,17017638,17017638,1678409445918,false
7216918,0.1508000,5115,17017639,17017645,1678409447760,false
7216919,0.1508000,54,17017646,17017646,1678409449040,true
7216920,0.1508000,367,17017647,17017648,1678409449760,true
7216921,0.1508000,127,17017649,17017649,1678409451607,true
7216922,0.1509000,850,17017650,17017651,1678409456424,false
7216923,0.1510000,189,17017652,17017652,1678409459660,false
7216924,0.1509000,48,17017653,17017653,1678409461185,true
7216925,0.1510000,67,17017654,17017654,1678409461433,false
7216926,0.1510000,694,17017655,17017655,1678409462684,false
7216927,0.1510000,684,17017656,17017657,1678409463933,false
7216928,0.1510000,622,17017658,17017659,1678409465297,false
7216929,0.1509000,13320,17017660,17017666,1678409466410,true
7216930,0.1508000,5712,17017667,17017674,1678409475495,true
7216931,0.1507000,1230,17017675,17017676,1678409475525,true
7216932,0.1507000,1622,17017677,17017677,1678409476160,true
7216933,0.1508000,4070,17017678,17017681,1678409482030,false
7216934,0.1509000,11176,17017682,17017688,1678409482031,false
7216935,0.1508000,362,17017689,17017689,1678409483024,true
7216936,0.1508000,850,17017690,17017690,1678409483373,true
7216937,0.1509000,2794,17017691,17017692,1678409483572,false
7216938,0.1510000,1938,17017693,17017696,1678409483753,false
7216939,0.1510000,48,17017697,17017697,1678409488871,true
7216940,0.1510000,2000,17017698,17017700,1678409489055,true
7216941,0.1511000,2961,17017701,17017704,1678409489136,false
7216942,0.1510000,338,17017705,17017705,1678409490397,true
7216943,0.1511000,992,17017706,17017706,1678409500407,false
7216944,0.1511000,256,17017707,17017707,1678409500640,true
7216945,0.1511000,48,17017708,17017708,1678409502654,true
7216946,0.1511000,1780,17017709,17017711,1678409504052,true
7216947,0.1512000,647,17017712,17017712,1678409505311,false
7216948,0.1512000,4882,17017713,17017717,1678409506107,true
7216949,0.1513000,4091,17017718,17017722,1678409506508,false
7216950,0.1513000,539,17017723,17017723,1678409507349,false
7216951,0.1513000,237,17017724,17017724,1678409508760,true
7216952,0.1513000,13890,17017725,17017731,1678409509196,true
7216953,0.1511000,48,17017732,17017732,1678409511841,true
7216954,0.1512000,1182,17017733,17017736,1678409512085,false
7216955,0.1513000,79,17017737,17017737,1678409516241,false
7216956,0.1513000,13255,17017738,17017750,1678409518153,false
7216957,0.1513000,48,17017751,17017751,1678409522086,true
7216958,0.1514000,2804,17017752,17017754,1678409522250,false
7216959,0.1513000,85,17017755,17017755,1678409524508,true
7216960,0.1513000,5511,17017756,17017760,1678409526862,true
7216961,0.1512000,1489,17017761,17017762,1678409526908,false
7216962,0.1513000,2938,17017763,17017765,1678409527253,false
7216963,0.1512000,664,17017766,17017766,1678409528515,true
7216964,0.1512000,1385,17017767,17017767,1678409531425,true
7216965,0.1512000,2483,17017768,17017771,1678409537986,false
7216966,0.1512000,79,17017772,17017772,1678409538811,true
7216967,0.1513000,669,17017773,17017775,1678409539430,false
7216968,0.1512000,1925,17017776,17017778,1678409540820,true
