agg_trade_id,price,quantity,first_trade_id,last_trade_id,transact_time,is_buyer_maker
7244965,0.1525000,4166,17091425,17091428,1678492804034,false
7244966,0.1525000,1258,17091429,17091431,1678492804188,false
7244967,0.1524000,389,17091432,17091432,1678492804207,true
7244968,0.1525000,2057,17091433,17091435,1678492804215,false
7244969,0.1526000,1168,17091436,17091436,1678492804215,false
7244970,0.1525000,2981,17091437,17091437,1678492805912,false
7244971,0.1525000,5498,17091438,17091444,1678492806529,false
7244972,0.1526000,1327,17091445,17091448,1678492806587,false
7244973,0.1526000,1266,17091449,17091450,1678492806773,false
7244974,0.1526000,847,17091451,17091451,1678492806926,false
7244975,0.1526000,150,17091452,17091452,1678492810079,false
7244976,0.1525000,2640,17091453,17091455,1678492810472,true
7244977,0.1525000,1703,17091456,17091456,1678492810647,true
7244978,0.1525000,797,17091457,17091457,1678492811647,true
7244979,0.1526000,4328,17091458,17091463,1678492811745,false
7244980,0.1526000,2349,17091464,17091464,1678492811926,false
7244981,0.1526000,5141,17091465,17091467,1678492812084,false
7244982,0.1526000,1836,17091468,17091471,1678492815392,false
7244983,0.1527000,3631,17091472,17091474,1678492815633,false
7244984,0.1527000,932,17091475,17091476,1678492815739,false
7244985,0.1526000,2961,17091477,17091477,1678492816702,true
7244986,0.1527000,5144,17091478,17091481,1678492819639,false
7244987,0.1527000,6609,17091482,17091488,1678492819777,false
7244988,0.1527000,2827,17091489,17091491,1678492820189,false
7244989,0.1527000,1637,17091492,17091494,1678492820588,true
7244990,0.1528000,150,17091495,17091495,1678492822358,false
7244991,0.1528000,3415,17091496,17091502,1678492822841,false
7244992,0.1529000,1636,17091503,17091506,1678492823659,false
7244993,0.1529000,1685,17091507,17091511,1678492825159,false
7244994,0.1529000,280,17091512,17091512,1678492825312,false
7244995,0.1529000,2112,17091513,17091515,1678492825536,true
7244996,0.1530000,6309,17091516,17091524,1678492825817,false
7244997,0.1530000,528,17091525,17091525,1678492826182,true
7244998,0.1530000,197,17091526,17091526,1678492826605,true
7244999,0.1530000,264,17091527,17091527,1678492826867,true
7245000,0.1530000,1257,17091528,17091529,1678492828610,true
7245001,0.1531000,868,17091530,17091531,1678492828612,false
7245002,0.1531000,1101,17091532,17091534,1678492830870,false
7245003,0.1530000,814,17091535,17091535,1678492832737,true
7245004,0.1531000,6131,17091536,17091546,1678492833600,false
7245005,0.1531000,792,17091547,17091547,1678492833868,true
7245006,0.1531000,2640,17091548,17091549,1678492834534,true
7245007,0.1531000,327,17091550,17091550,1678492835438,true
7245008,0.1531000,2823,17091551,17091552,1678492835592,true
7245009,0.1532000,4190,17091553,17091558,1678492835613,false
7245010,0.1532000,1232,17091559,17091559,1678492835715,false
7245011,0.1533000,3148,17091560,17091564,1678492835721,false
7245012,0.1534000,517,17091565,17091567,1678492835745,false
7245013,0.1533000,792,17091568,17091569,1678492836137,true
7245014,0.1534000,4207,17091570,17091573,1678492838398,false
7245015,0.1535000,412,17091574,17091575,1678492838398,false
7245016,0.1534000,5587,17091576,17091579,1678492838450,true
7245017,0.1534000,788,17091580,17091580,1678492838680,true
7245018,0.1534000,10132,17091581,17091585,1678492840214,true
7245019,0.1533000,66,17091586,17091586,1678492840770,true
7245020,0.1533000,919,17091587,17091588,1678492842505,true
7245021,0.1534000,4230,17091589,17091597,1678492843649,false
7245022,0.1535000,3069,17091598,17091600,1678492843694,false
7245023,0.1535000,3537,17091601,17091606,1678492846640,false
7245024,0.1535000,729,17091607,17091607,1678492846680,true
7245025,0.1535000,735,17091608,17091609,1678492850969,true
7245026,0.1535000,1052,17091610,17091611,1678492851850,true
7245027,0.1536000,1543,17091612,17091617,1678492851850,false
7245028,0.1536000,8134,17091618,17091624,1678492852044,false
7245029,0.1537000,10691,17091625,17091638,1678492853621,false
7245030,0.1537000,1101,17091639,17091639,1678492854615,true
7245031,0.1537000,734,17091640,17091640,1678492856927,true
7245032,0.1537000,3480,17091641,17091642,1678492857376,true
7245033,0.1537000,1556,17091643,17091644,1678492858466,true
7245034,0.1538000,2604,17091645,17091649,1678492859586,false
7245035,0.1538000,657,17091650,17091650,1678492859956,true
7245036,0.1538000,288,17091651,17091651,1678492860287,true
7245037,0.1539000,956,17091652,17091653,1678492862855,false
7245038,0.1539000,5031,17091654,17091655,1678492862997,false
7245039,0.1539000,906,17091656,17091656,1678492863137,false
7245040,0.1539000,353,17091657,17091657,1678492863290,false
7245041,0.1538000,1190,17091658,17091659,1678492863506,true
7245042,0.1539000,1989,17091660,17091660,1678492863554,false
7245043,0.1539000,3384,17091661,17091664,1678492863693,false
7245044,0.1540000,4559,17091665,17091670,1678492863975,false
7245045,0.1540000,655,17091671,17091671,1678492866321,false
7245046,0.1541000,7,17091672,17091672,1678492866321,false
7245047,0.1541000,2046,17091673,17091676,1678492866556,false
7245048,0.1540000,820,17091677,17091678,1678492868552,true
7245049,0.1540000,735,17091679,17091680,1678492869531,true
7245050,0.1540000,56806,17091681,17091691,1678492870068,true
7245051,0.1539000,27429,17091692,17091702,1678492870160,true
7245052,0.1539000,2298,17091703,17091705,1678492871963,false
7245053,0.1538000,4914,17091706,17091707,1678492872030,true
7245054,0.1538000,4881,17091708,17091712,1678492875581,true
7245055,0.1538000,9598,17091713,17091717,1678492877791,true
7245056,0.1537000,402,17091718,17091718,1678492877791,true
7245057,0.1537000,2619,17091719,17091723,1678492878654,true
7245058,0.1538000,1075,17091724,17091725,1678492885798,false
7245059,0.1538000,5385,17091726,17091728,1678492890318,false
7245060,0.1538000,19793,17091729,17091735,1678492890802,false
7245061,0.1538000,916,17091736,17091737,1678492892469,true
7245062,0.1538000,565,17091738,17091738,1678492894955,true
7245063,0.1537000,1893,17091739,17091739,1678492895684,true
7245064,0.1538000,1167,17091740,17091740,1678492896648,false
7245065,0.1537000,1640,17091741,17091742,1678492899508,true
7245066,0.1537000,554,17091743,17091743,1678492901507,true
7245067,0.1538000,2097,17091744,17091745,1678492901589,false
7245068,0.1537000,9560,17091746,17091752,1678492902284,true
7245069,0.1536000,4836,17091753,17091755,1678492902474,true
7245070,0.1535000,3567,17091756,17091760,1678492902494,true
7245071,0.1534000,346,17091761,17091763,1678492906841,true
7245072,0.1535000,982,17091764,17091765,1678492907974,false
7245073,0.1534000,2397,17091766,17091767,1678492908824,true
7245074,0.1535000,3563,17091768,17091770,1678492909922,false
7245075,0.1535000,4397,17091771,17091772,1678492911759,false
7245076,0.1535000,2288,17091773,17091774,1678492911995,false
7245077,0.1535000,277,17091775,17091775,1678492915350,false
7245078,0.1535000,4181,17091776,17091778,1678492915733,false
7245079,0.1534000,1690,17091779,17091783,1678492920612,true
7245080,0.1534000,870,17091784,17091784,1678492922716,true
7245081,0.1534000,6940,17091785,17091790,1678492925482,true
7245082,0.1533000,932,17091791,17091791,1678492925812,true
7245083,0.1533000,3347,17091792,17091795,1678492927456,true
7245084,0.1533000,7733,17091796,17091797,1678492927636,true
7245085,0.1532000,588,17091798,17091798,1678492929498,true
7245086,0.1532000,243,17091799,17091799,1678492930368,true
7245087,0.1532000,276,17091800,17091800,1678492932946,true
7245088,0.1532000,552,17091801,17091802,1678492935088,true
7245089,0.1533000,1608,17091803,17091804,1678492938928,false
7245090,0.1532000,951,17091805,17091806,1678492938932,true
7245091,0.1532000,405,17091807,17091807,1678492939232,true
7245092,0.1533000,678,17091808,17091808,1678492943796,false
7245093,0.1532000,1307,17091809,17091811,1678492948492,true
7245094,0.1532000,484,17091812,17091812,1678492951860,true
7245095,0.1532000,550,17091813,17091813,1678492952148,true
7245096,0.1532000,185,17091814,17091814,1678492955874,true
7245097,0.1533000,162,17091815,17091815,1678492957563,false
7245098,0.1532000,690,17091816,17091816,1678492958753,true
7245099,0.1532000,5688,17091817,17091820,1678492963402,true
7245100,0.1533000,232,17091821,17091821,1678492963660,false
7245101,0.1532000,4069,17091822,17091824,1678492965998,true
7245102,0.1532000,1358,17091825,17091825,1678492966566,true
7245103,0.1533000,157,17091826,17091826,1678492966791,false
7245104,0.1532000,1308,17091827,17091827,1678492967633,true
7245105,0.1532000,4644,17091828,17091829,1678492969494,true
7245106,0.1531000,4593,17091830,17091834,1678492969614,true
7245107,0.1531000,252,17091835,17091835,1678492969791,true
7245108,0.1532000,150,17091836,17091836,1678492969979,false
7245109,0.1531000,606,17091837,17091838,1678492970408,true
7245110,0.1531000,1671,17091839,17091839,1678492970517,true
7245111,0.1531000,1300,17091840,17091840,1678492970730,true
7245112,0.1532000,218,17091841,17091841,1678492971597,false
7245113,0.1531000,708,17091842,17091843,1678492971666,true
7245114,0.1532000,185,17091844,17091845,1678492972461,false
7245115,0.1531000,3132,17091846,17091848,1678492975708,true
7245116,0.1531000,2774,17091849,17091849,1678492975850,true
7245117,0.1532000,227,17091850,17091850,1678492975907,false
7245118,0.1531000,343,17091851,17091851,1678492975911,true
7245119,0.1530000,623,17091852,17091852,1678492976014,true
7245120,0.1531000,157,17091853,17091853,1678492976986,false
7245121,0.1530000,1039,17091854,17091854,1678492977252,true
7245122,0.1531000,99,17091855,17091855,1678492980079,false
7245123,0.1531000,217,17091856,17091856,1678492980844,false
7245124,0.1530000,1671,17091857,17091857,1678492983679,true
7245125,0.1531000,227,17091858,17091858,1678492983682,false
7245126,0.1531000,1435,17091859,17091859,1678492984074,false
7245127,0.1531000,85,17091860,17091861,1678492984306,false
7245128,0.1530000,962,17091862,17091862,1678492986252,true
7245129,0.1531000,157,17091863,17091863,1678492987736,false
7245130,0.1531000,217,17091864,17091864,1678492987955,false
7245131,0.1530000,550,17091865,17091865,1678492988438,true
7245132,0.1530000,17448,17091866,17091879,1678492989590,true
7245133,0.1529000,835,17091880,17091881,1678492989614,true
7245134,0.1528000,1720,17091882,17091885,1678492989614,true
7245135,0.1529000,12136,17091886,17091893,1678492992956,false
7245136,0.1529000,8099,17091894,17091901,1678492993086,false
7245137,0.1529000,1405,17091902,17091904,1678492996028,true
7245138,0.1530000,83,17091905,17091905,1678492996501,false
7245139,0.1530000,227,17091906,17091906,1678492997856,false
7245140,0.1529000,1013,17091907,17091909,1678492998022,true
7245141,0.1530000,217,17091910,17091910,1678492999112,false
7245142,0.1529000,6586,17091911,17091914,1678493000127,true
7245143,0.1529000,157,17091915,17091915,1678493000384,false
7245144,0.1528000,596,17091916,17091917,1678493000876,true
7245145,0.1528000,1070,17091918,17091918,1678493002919,true
7245146,0.1528000,2189,17091919,17091921,1678493003557,true
7245147,0.1529000,96,17091922,17091922,1678493005402,false
7245148,0.1528000,1517,17091923,17091923,1678493005928,true
7245149,0.1528000,3034,17091924,17091924,1678493006755,true
7245150,0.1527000,403,17091925,17091926,1678493006755,true
7245151,0.1528000,217,17091927,17091927,1678493007288,false
7245152,0.1528000,83,17091928,17091928,1678493007670,false
7245153,0.1527000,1152,17091929,17091930,1678493010647,true
7245154,0.1526000,1856,17091931,17091932,1678493010647,true
7245155,0.1527000,227,17091933,17091933,1678493011029,false
7245156,0.1526000,550,17091934,17091934,1678493012522,true
7245157,0.1527000,157,17091935,17091935,1678493012618,false
7245158,0.1527000,96,17091936,17091936,1678493013573,false
7245159,0.1527000,83,17091937,17091938,1678493017861,false
7245160,0.1527000,217,17091939,17091939,1678493019474,false
7245161,0.1526000,993,17091940,17091940,1678493019495,true
7245162,0.1527000,227,17091941,17091941,1678493021247,false
7245163,0.1527000,96,17091942,17091942,1678493021855,false
7245164,0.1527000,157,17091943,17091943,1678493022740,false
7245165,0.1527000,83,17091944,17091944,1678493025988,false
7245166,0.1526000,904,17091945,17091947,1678493026045,true
7245167,0.1526000,759,17091948,17091950,1678493027559,true
7245168,0.1527000,217,17091951,17091952,1678493027674,false
7245169,0.1526000,1655,17091953,17091954,1678493028767,true
7245170,0.1527000,96,17091955,17091955,1678493029055,false
7245171,0.1526000,830,17091956,17091956,1678493029518,true
7245172,0.1527000,227,17091957,17091957,1678493031451,false
7245173,0.1526000,1771,17091958,17091958,1678493034137,true
7245174,0.1527000,96,17091959,17091959,1678493039258,false
7245175,0.1527000,83,17091960,17091960,1678493040161,false
7245176,0.1527000,1160,17091961,17091962,1678493042675,false
7245177,0.1527000,894,17091963,17091963,1678493042940,false
7245178,0.1527000,1161,17091964,17091964,1678493043060,false
7245179,0.1527000,1788,17091965,17091965,1678493043992,false
7245180,0.1526000,1840,17091966,17091967,1678493045412,true
7245181,0.1526000,1590,17091968,17091968,1678493049516,true
7245182,0.1527000,400,17091969,17091969,1678493051223,false
7245183,0.1527000,341,17091970,17091970,1678493052105,false
7245184,0.1527000,83,17091971,17091971,1678493052283,false
7245185,0.1527000,13765,17091972,17091976,1678493058703,false
7245186,0.1526000,1932,17091977,17091977,1678493058718,true
7245187,0.1527000,340,17091978,17091979,1678493059291,false
7245188,0.1526000,1315,17091980,17091980,1678493059493,true
7245189,0.1527000,238,17091981,17091981,1678493065379,false
7245190,0.1526000,683,17091982,17091982,1678493067124,true
7245191,0.1526000,1315,17091983,17091984,1678493069917,true
7245192,0.1526000,1315,17091985,17091986,1678493070225,true
7245193,0.1526000,1274,17091987,17091988,1678493071008,true
7245194,0.1527000,340,17091989,17091990,1678493072537,false
7245195,0.1527000,232,17091991,17091992,1678493073556,false
7245196,0.1527000,32417,17091993,17092000,1678493074111,false
7245197,0.1527000,3534,17092001,17092004,1678493076387,true
7245198,0.1527000,109,17092005,17092005,1678493079369,false
7245199,0.1526000,22784,17092006,17092025,1678493081776,true
7245200,0.1526000,585,17092026,17092027,1678493081905,true
7245201,0.1526000,3028,17092028,17092029,1678493082068,true
7245202,0.1526000,919,17092030,17092031,1678493082295,true
7245203,0.1527000,340,17092032,17092032,1678493084741,false
7245204,0.1527000,232,17092033,17092033,1678493085809,false
7245205,0.1526000,327,17092034,17092034,1678493087921,true
7245206,0.1526000,2895,17092035,17092037,1678493089737,true
7245207,0.1526000,218,17092038,17092038,1678493090340,true
7245208,0.1527000,8442,17092039,17092044,1678493090899,false
7245209,0.1527000,108,17092045,17092045,1678493091541,false
7245210,0.1526000,435,17092046,17092046,1678493091833,true
7245211,0.1526000,550,17092047,17092047,1678493092704,true
7245212,0.1527000,340,17092048,17092048,1678493093885,false
7245213,0.1526000,1670,17092049,17092050,1678493094646,true
7245214,0.1527000,232,17092051,17092051,1678493094988,false
7245215,0.1526000,1313,17092052,17092052,1678493096930,true
7245216,0.1526000,3278,17092053,17092054,1678493097922,true
7245217,0.1526000,4181,17092055,17092058,1678493098044,true
7245218,0.1527000,133,17092059,17092059,1678493098414,false
7245219,0.1526000,1625,17092060,17092061,1678493099502,true
7245220,0.1527000,885,17092062,17092064,1678493102794,false
7245221,0.1526000,411,17092065,17092065,1678493102993,true
7245222,0.1527000,4386,17092066,17092068,1678493104469,false
7245223,0.1526000,1234,17092069,17092071,1678493104758,true
7245224,0.1527000,232,17092072,17092072,1678493106156,false
7245225,0.1526000,550,17092073,17092073,1678493106293,true
7245226,0.1527000,340,17092074,17092074,1678493107070,false
7245227,0.1526000,1261,17092075,17092076,1678493107527,true
7245228,0.1526000,1100,17092077,17092077,1678493107801,true
7245229,0.1527000,6239,17092078,17092083,1678493108591,false
7245230,0.1527000,127,17092084,17092084,1678493110139,false
7245231,0.1527000,1381,17092085,17092085,1678493110608,false
7245232,0.1526000,1313,17092086,17092087,1678493112799,true
7245233,0.1526000,1313,17092088,17092088,1678493115893,true
7245234,0.1527000,108,17092089,17092089,1678493116912,false
7245235,0.1526000,115,17092090,17092090,1678493117552,true
7245236,0.1527000,340,17092091,17092091,1678493118307,false
7245237,0.1527000,28068,17092092,17092096,1678493119071,false
7245238,0.1528000,2404,17092097,17092098,1678493119258,false
7245239,0.1528000,11020,17092099,17092104,1678493119389,false
7245240,0.1528000,4748,17092105,17092110,1678493119491,false
7245241,0.1527000,2339,17092111,17092112,1678493120842,true
7245242,0.1528000,4173,17092113,17092114,1678493122337,false
7245243,0.1528000,6220,17092115,17092119,1678493123351,false
7245244,0.1528000,547,17092120,17092121,1678493123919,true
7245245,0.1528000,1233,17092122,17092123,1678493124255,true
7245246,0.1528000,3470,17092124,17092126,1678493124838,false
7245247,0.1528000,2640,17092127,17092127,1678493125204,true
7245248,0.1528000,2177,17092128,17092129,1678493125586,true
7245249,0.1529000,1670,17092130,17092131,1678493127808,false
7245250,0.1529000,108,17092132,17092132,1678493128219,false
7245251,0.1528000,4097,17092133,17092136,1678493128379,true
7245252,0.1528000,2731,17092137,17092138,1678493130929,true
7245253,0.1529000,232,17092139,17092139,1678493132295,false
7245254,0.1528000,954,17092140,17092140,1678493133467,true
7245255,0.1529000,39,17092141,17092141,1678493135873,false
7245256,0.1529000,127,17092142,17092142,1678493136508,false
7245257,0.1528000,786,17092143,17092143,1678493136564,true
7245258,0.1529000,108,17092144,17092144,1678493139385,false
7245259,0.1528000,797,17092145,17092145,1678493144666,true
7245260,0.1529000,127,17092146,17092146,1678493145631,false
7245261,0.1529000,150,17092147,17092148,1678493149373,false
7245262,0.1529000,16334,17092149,17092167,1678493150072,false
7245263,0.1529000,1333,17092168,17092169,1678493150198,false
7245264,0.1529000,79,17092170,17092170,1678493150453,true
7245265,0.1530000,108,17092171,17092171,1678493154122,false
7245266,0.1530000,8590,17092172,17092179,1678493155917,false
7245267,0.1530000,2659,17092180,17092183,1678493158239,true
7245268,0.1530000,127,17092184,17092184,1678493158303,false
7245269,0.1530000,528,17092185,17092185,1678493158475,true
7245270,0.1530000,1641,17092186,17092187,1678493160430,true
7245271,0.1530000,1631,17092188,17092190,1678493162695,false
7245272,0.1530000,533,17092191,17092193,1678493163226,false
7245273,0.1531000,277,17092194,17092194,1678493163226,false
7245274,0.1531000,824,17092195,17092197,1678493163891,false
7245275,0.1530000,528,17092198,17092199,1678493164758,true
7245276,0.1530000,834,17092200,17092200,1678493165172,true
7245277,0.1529000,528,17092201,17092201,1678493165284,true
7245278,0.1530000,1226,17092202,17092204,1678493166964,false
7245279,0.1530000,127,17092205,17092205,1678493167946,false
7245280,0.1530000,1010,17092206,17092207,1678493168870,false
7245281,0.1530000,664,17092208,17092208,1678493182503,true
7245282,0.1531000,1030,17092209,17092210,1678493182836,false
7245283,0.1531000,4132,17092211,17092219,1678493182991,false
7245284,0.1531000,7060,17092220,17092224,1678493186964,false
7245285,0.1531000,2057,17092225,17092225,1678493187291,true
7245286,0.1531000,1221,17092226,17092227,1678493187626,true
7245287,0.1530000,985,17092228,17092229,1678493187650,true
7245288,0.1531000,11920,17092230,17092236,1678493188974,false
7245289,0.1530000,264,17092237,17092237,1678493189681,true
7245290,0.1531000,567,17092238,17092238,1678493193329,false
7245291,0.1530000,58,17092239,17092240,1678493199296,true
7245292,0.1531000,2482,17092241,17092247,1678493199314,false
7245293,0.1531000,350,17092248,17092248,1678493199843,true
7245294,0.1531000,3451,17092249,17092251,1678493200072,true
7245295,0.1530000,161,17092252,17092252,1678493200093,true
7245296,0.1530000,54,17092253,17092253,1678493210138,true
7245297,0.1530000,550,17092254,17092254,1678493210339,true
7245298,0.1531000,52,17092255,17092255,1678493210967,false
7245299,0.1530000,917,17092256,17092256,1678493212783,true
7245300,0.1530000,54,17092257,17092257,1678493218327,true
7245301,0.1530000,6953,17092258,17092258,1678493220485,true
7245302,0.1529000,426,17092259,17092260,1678493220693,true
7245303,0.1529000,4381,17092261,17092263,1678493220814,true
7245304,0.1529000,683,17092264,17092264,1678493220953,true
7245305,0.1529000,1684,17092265,17092268,1678493221076,true
7245306,0.1529000,675,17092269,17092270,1678493223338,false
7245307,0.1528000,3310,17092271,17092274,1678493225665,true
7245308,0.1528000,54,17092275,17092275,1678493226483,true
7245309,0.1528000,2801,17092276,17092278,1678493227581,true
7245310,0.1527000,17692,17092279,17092283,1678493227581,true
7245311,0.1527000,480,17092284,17092285,1678493228304,true
7245312,0.1526000,2321,17092286,17092286,1678493228304,true
7245313,0.1526000,670,17092287,17092288,1678493228537,true
7245314,0.1527000,6767,17092289,17092293,1678493230132,false
7245315,0.1528000,25831,17092294,17092305,1678493230134,false
7245316,0.1529000,4384,17092306,17092308,1678493230157,false
7245317,0.1528000,54,17092309,17092309,1678493235218,true
7245318,0.1528000,14308,17092310,17092315,1678493240138,true
7245319,0.1527000,6223,17092316,17092316,1678493240145,true
7245320,0.1527000,1312,17092317,17092317,1678493240360,true
7245321,0.1528000,2606,17092318,17092319,1678493241675,false
7245322,0.1527000,486,17092320,17092320,1678493244620,true
7245323,0.1527000,326,17092321,17092322,1678493245286,false
7245324,0.1526000,54,17092323,17092323,1678493249390,true
7245325,0.1526000,12018,17092324,17092328,1678493254426,true
7245326,0.1525000,4135,17092329,17092333,1678493254564,true
7245327,0.1524000,39,17092334,17092334,1678493256076,true
7245328,0.1525000,279,17092335,17092335,1678493261980,false
7245329,0.1524000,54,17092336,17092336,1678493262577,true
7245330,0.1525000,195,17092337,17092338,1678493264265,false
7245331,0.1525000,1219,17092339,17092341,1678493278720,true
7245332,0.1525000,674,17092342,17092342,1678493279520,true
7245333,0.1526000,733,17092343,17092344,1678493282749,false
7245334,0.1526000,667,17092345,17092346,1678493283164,false
7245335,0.1525000,770,17092347,17092347,1678493290559,true
7245336,0.1525000,1178,17092348,17092349,1678493294961,true
7245337,0.1525000,625,17092350,17092350,1678493297790,true
7245338,0.1525000,432,17092351,17092353,1678493298805,true
7245339,0.1525000,3222,17092354,17092361,1678493299804,true
7245340,0.1524000,10683,17092362,17092369,1678493323779,true
7245341,0.1523000,1311,17092370,17092372,1678493323804,true
7245342,0.1524000,48,17092373,17092373,1678493340235,false
7245343,0.1524000,695,17092374,17092375,1678493342249,false
7245344,0.1523000,74,17092376,17092376,1678493342755,true
7245345,0.1524000,1015,17092377,17092377,1678493343207,false
7245346,0.1524000,1100,17092378,17092378,1678493343728,false
7245347,0.1523000,1314,17092379,17092379,1678493353745,true
7245348,0.1523000,697,17092380,17092382,1678493355831,true
7245349,0.1523000,3320,17092383,17092386,1678493356084,true
7245350,0.1523000,2875,17092387,17092390,1678493357756,true
7245351,0.1522000,2227,17092391,17092395,1678493374905,true
7245352,0.1521000,73,17092396,17092396,1678493374905,true
7245353,0.1521000,17201,17092397,17092405,1678493376104,true
7245354,0.1520000,2647,17092406,17092410,1678493376104,true
7245355,0.1521000,6482,17092411,17092415,1678493376219,false
7245356,0.1522000,10421,17092416,17092424,1678493383388,false
7245357,0.1522000,1514,17092425,17092425,1678493385561,true
7245358,0.1522000,4311,17092426,17092429,1678493387044,true
7245359,0.1522000,76,17092430,17092430,1678493387993,true
7245360,0.1522000,1683,17092431,17092433,1678493388545,true
7245361,0.1522000,4517,17092434,17092437,1678493394205,true
7245362,0.1521000,1722,17092438,17092439,1678493394205,true
7245363,0.1522000,10885,17092440,17092445,1678493395540,false
7245364,0.1523000,666,17092446,17092447,1678493402760,false
7245365,0.1523000,666,17092448,17092448,1678493403632,false
7245366,0.1523000,2421,17092449,17092450,1678493404092,false
7245367,0.1523000,282,17092451,17092451,1678493409223,false
7245368,0.1522000,25,17092452,17092452,1678493412354,true
7245369,0.1523000,218,17092453,17092453,1678493414512,false
7245370,0.1523000,4305,17092454,17092460,1678493419778,false
7245371,0.1523000,1468,17092461,17092463,1678493421719,false
7245372,0.1523000,1508,17092464,17092464,1678493422578,false
7245373,0.1522000,1129,17092465,17092465,1678493424258,true
7245374,0.1522000,658,17092466,17092466,1678493428314,true
7245375,0.1522000,1322,17092467,17092467,1678493430316,true
7245376,0.1523000,212,17092468,17092468,1678493434883,false
7245377,0.1522000,291,17092469,17092469,1678493438311,true
7245378,0.1523000,212,17092470,17092470,1678493442024,false
7245379,0.1523000,212,17092471,17092471,1678493450365,false
7245380,0.1522000,240,17092472,17092473,1678493453482,true
7245381,0.1523000,212,17092474,17092474,1678493459640,false
7245382,0.1523000,212,17092475,17092475,1678493467806,false
7245383,0.1523000,65,17092476,17092476,1678493471064,false
7245384,0.1522000,2248,17092477,17092480,1678493484977,true
7245385,0.1522000,12307,17092481,17092490,1678493485080,true
7245386,0.1522000,4492,17092491,17092493,1678493485208,true
7245387,0.1522000,1967,17092494,17092495,1678493493720,false
7245388,0.1522000,609,17092496,17092497,1678493493863,false
7245389,0.1523000,7019,17092498,17092507,1678493505805,false
7245390,0.1523000,3879,17092508,17092511,1678493508716,true
7245391,0.1522000,855,17092512,17092512,1678493508772,true
7245392,0.1522000,6155,17092513,17092515,1678493526036,true
7245393,0.1522000,809,17092516,17092517,1678493537239,true
7245394,0.1522000,1551,17092518,17092519,1678493542334,true
7245395,0.1521000,1240,17092520,17092520,1678493549985,true
7245396,0.1522000,1421,17092521,17092523,1678493558178,false
7245397,0.1523000,5754,17092524,17092526,1678493571550,false
7245398,0.1523000,6094,17092527,17092529,1678493572186,false
7245399,0.1523000,75,17092530,17092530,1678493574231,true
7245400,0.1524000,1629,17092531,17092533,1678493575636,false
7245401,0.1525000,2714,17092534,17092539,1678493576447,false
7245402,0.1525000,386,17092540,17092540,1678493578295,true
7245403,0.1525000,386,17092541,17092542,1678493580284,true
7245404,0.1527000,10918,17092543,17092548,1678493582423,false
7245405,0.1526000,783,17092549,17092549,1678493582501,true
7245406,0.1527000,4736,17092550,17092551,1678493583509,false
7245407,0.1527000,12552,17092552,17092558,1678493583888,true
7245408,0.1526000,377,17092559,17092560,1678493583937,true
7245409,0.1526000,3302,17092561,17092564,1678493586363,true
7245410,0.1526000,489,17092565,17092565,1678493588262,true
7245411,0.1526000,3714,17092566,17092566,1678493593469,true
7245412,0.1526000,327,17092567,17092567,1678493600327,true
7245413,0.1526000,431,17092568,17092568,1678493604273,true
7245414,0.1526000,648,17092569,17092569,1678493604384,true
7245415,0.1526000,121,17092570,17092570,1678493608308,true
7245416,0.1526000,3490,17092571,17092572,1678493610291,true
7245417,0.1526000,3716,17092573,17092576,1678493617169,false
7245418,0.1527000,4740,17092577,17092583,1678493624007,false
7245419,0.1528000,3270,17092584,17092587,1678493629113,false
7245420,0.1527000,102,17092588,17092588,1678493630307,true
7245421,0.1527000,39,17092589,17092589,1678493631340,true
7245422,0.1527000,949,17092590,17092591,1678493633588,true
7245423,0.1527000,103,17092592,17092592,1678493634257,true
7245424,0.1527000,103,17092593,17092594,1678493638300,true
7245425,0.1527000,795,17092595,17092595,1678493639771,true
7245426,0.1527000,103,17092596,17092596,1678493640271,true
7245427,0.1527000,978,17092597,17092597,1678493643135,true
7245428,0.1527000,120,17092598,17092598,1678493648274,true
7245429,0.1527000,2881,17092599,17092601,1678493653569,true
7245430,0.1527000,1189,17092602,17092602,1678493655672,false
7245431,0.1526000,2354,17092603,17092603,1678493661935,true
7245432,0.1527000,130,17092604,17092604,1678493662556,false
7245433,0.1526000,2404,17092605,17092607,1678493671695,true
7245434,0.1525000,2730,17092608,17092611,1678493678257,true
7245435,0.1524000,3680,17092612,17092613,1678493697438,true
7245436,0.1524000,851,17092614,17092615,1678493700776,true
7245437,0.1524000,1007,17092616,17092617,1678493702249,false
7245438,0.1523000,7243,17092618,17092622,1678493702604,true
7245439,0.1524000,668,17092623,17092623,1678493702665,false
7245440,0.1523000,5066,17092624,17092626,1678493702736,true
7245441,0.1523000,1376,17092627,17092628,1678493702869,false
7245442,0.1523000,1165,17092629,17092631,1678493703171,false
7245443,0.1523000,994,17092632,17092632,1678493703599,false
7245444,0.1523000,906,17092633,17092633,1678493703952,false
7245445,0.1522000,693,17092634,17092635,1678493704680,true
7245446,0.1522000,486,17092636,17092636,1678493704841,false
7245447,0.1523000,508,17092637,17092638,1678493704841,false
7245448,0.1521000,3247,17092639,17092643,1678493708761,true
7245449,0.1520000,5474,17092644,17092647,1678493708761,true
7245450,0.1520000,3234,17092648,17092651,1678493708883,false
7245451,0.1521000,422,17092652,17092652,1678493708888,false
7245452,0.1521000,3764,17092653,17092660,1678493710540,false
7245453,0.1522000,988,17092661,17092663,1678493710549,false
7245454,0.1521000,7827,17092664,17092668,1678493712782,true
7245455,0.1520000,6860,17092669,17092675,1678493714684,true
7245456,0.1520000,5368,17092676,17092683,1678493718296,false
7245457,0.1520000,8794,17092684,17092690,1678493719972,true
7245458,0.1519000,2843,17092691,17092693,1678493719972,true
7245459,0.1520000,1248,17092694,17092695,1678493722096,true
7245460,0.1521000,139,17092696,17092696,1678493724280,false
7245461,0.1521000,461,17092697,17092698,1678493724561,false
7245462,0.1520000,1496,17092699,17092699,1678493726826,true
7245463,0.1520000,4950,17092700,17092703,1678493728098,true
7245464,0.1519000,6387,17092704,17092706,1678493728847,true
7245465,0.1518000,2345,17092707,17092711,1678493728847,true
7245466,0.1519000,447,17092712,17092712,1678493730310,false
7245467,0.1519000,1788,17092713,17092715,1678493739594,false
7245468,0.1519000,1316,17092716,17092716,1678493744700,false
7245469,0.1519000,938,17092717,17092717,1678493747248,false
7245470,0.1520000,19564,17092718,17092728,1678493752858,false
7245471,0.1521000,1315,17092729,17092729,1678493752887,false
7245472,0.1520000,4738,17092730,17092732,1678493758185,true
7245473,0.1520000,2158,17092733,17092734,1678493758337,true
7245474,0.1519000,3632,17092735,17092740,1678493764227,false
7245475,0.1519000,658,17092741,17092742,1678493765569,true
7245476,0.1520000,1315,17092743,17092744,1678493767187,false
7245477,0.1520000,790,17092745,17092747,1678493767294,false
7245478,0.1521000,10017,17092748,17092755,1678493782891,false
7245479,0.1521000,1396,17092756,17092759,1678493788006,true
7245480,0.1521000,10036,17092760,17092761,1678493812983,false
7245481,0.1520000,4276,17092762,17092763,1678493814596,true
7245482,0.1520000,1317,17092764,17092766,1678493819020,true
7245483,0.1520000,20429,17092767,17092773,1678493837024,true
7245484,0.1519000,8738,17092774,17092776,1678493840028,true
7245485,0.1519000,1317,17092777,17092778,1678493852371,true
7245486,0.1520000,10297,17092779,17092782,1678493852418,false
7245487,0.1519000,1318,17092783,17092783,1678493871141,true
7245488,0.1520000,10703,17092784,17092791,1678493873106,false
7245489,0.1520000,10512,17092792,17092799,1678493877889,false
7245490,0.1520000,6596,17092800,17092800,1678493877896,true
7245491,0.1519000,11300,17092801,17092804,1678493877896,true
7245492,0.1520000,79,17092805,17092805,1678493877902,true
7245493,0.1519000,79,17092806,17092806,1678493877907,true
7245494,0.1518000,1317,17092807,17092808,1678493877963,false
7245495,0.1519000,1530,17092809,17092811,1678493881260,false
7245496,0.1520000,715,17092812,17092812,1678493882677,false
7245497,0.1520000,1432,17092813,17092814,1678493883653,false
7245498,0.1520000,672,17092815,17092816,1678493883948,false
7245499,0.1519000,9683,17092817,17092827,1678493892148,true
7245500,0.1519000,14825,17092828,17092835,1678493902955,true
7245501,0.1518000,1477,17092836,17092838,1678493902957,true
7245502,0.1518000,8137,17092839,17092845,1678493903156,true
7245503,0.1519000,42,17092846,17092846,1678493904252,false
7245504,0.1518000,520,17092847,17092847,1678493907769,true
7245505,0.1518000,39,17092848,17092848,1678493910294,true
7245506,0.1519000,10610,17092849,17092855,1678493911605,false
7245507,0.1519000,951,17092856,17092857,1678493911720,false
7245508,0.1519000,279,17092858,17092860,1678493911861,true
7245509,0.1519000,1247,17092861,17092863,1678493912390,true
7245510,0.1519000,161,17092864,17092864,1678493913353,true
7245511,0.1519000,322,17092865,17092865,1678493914959,true
7245512,0.1519000,7618,17092866,17092871,1678493923220,false
7245513,0.1520000,18405,17092872,17092877,1678493923961,false
7245514,0.1519000,659,17092878,17092878,1678493924144,true
7245515,0.1519000,8308,17092879,17092883,1678493928382,true
7245516,0.1518000,8738,17092884,17092887,1678493928444,true
7245517,0.1518000,1319,17092888,17092888,1678493928745,true
7245518,0.1518000,619,17092889,17092889,1678493929215,true
7245519,0.1518000,841,17092890,17092890,1678493930259,true
7245520,0.1518000,8743,17092891,17092893,1678493944278,true
7245521,0.1518000,9195,17092894,17092898,1678493944996,true
7245522,0.1517000,867,17092899,17092901,1678493945010,true
7245523,0.1518000,4873,17092902,17092905,1678493945040,false
7245524,0.1518000,934,17092906,17092906,1678493945391,true
7245525,0.1518000,39,17092907,17092907,1678493945962,true
7245526,0.1518000,246,17092908,17092908,1678493949343,true
7245527,0.1518000,8404,17092909,17092914,1678493958097,true
7245528,0.1518000,116,17092915,17092915,1678493962579,true
7245529,0.1518000,18257,17092916,17092926,1678493965085,true
7245530,0.1518000,186,17092927,17092928,1678493965194,true
7245531,0.1518000,350,17092929,17092929,1678493965468,true
7245532,0.1518000,533,17092930,17092930,1678493967554,true
7245533,0.1518000,115,17092931,17092931,1678493969821,true
7245534,0.1519000,27138,17092932,17092940,1678493969862,false
7245535,0.1520000,19353,17092941,17092947,1678493969862,false
7245536,0.1521000,16956,17092948,17092958,1678493969874,false
7245537,0.1522000,14390,17092959,17092968,1678493969882,false
7245538,0.1522000,2470,17092969,17092970,1678493970021,true
7245539,0.1522000,115,17092971,17092971,1678493977009,true
7245540,0.1523000,10755,17092972,17092974,1678493985336,false
7245541,0.1522000,440,17092975,17092976,1678493985762,true
7245542,0.1523000,5270,17092977,17092983,1678493986105,false
7245543,0.1523000,440,17092984,17092984,1678493987593,true
7245544,0.1523000,201,17092985,17092985,1678493987823,true
7245545,0.1523000,115,17092986,17092986,1678493988132,true
7245546,0.1523000,1051,17092987,17092987,1678493989577,true
7245547,0.1523000,14538,17092988,17092990,1678493990102,true
7245548,0.1522000,11688,17092991,17092998,1678493990115,true
7245549,0.1521000,115,17092999,17092999,1678494000315,true
7245550,0.1521000,926,17093000,17093001,1678494002862,true
7245551,0.1521000,928,17093002,17093002,1678494002982,true
7245552,0.1521000,1854,17093003,17093003,1678494003857,true
7245553,0.1521000,6075,17093004,17093007,1678494004634,true
7245554,0.1521000,1934,17093008,17093008,1678494006661,true
7245555,0.1521000,115,17093009,17093009,1678494007474,true
7245556,0.1521000,1658,17093010,17093011,1678494007783,true
7245557,0.1521000,1165,17093012,17093012,1678494011662,true
7245558,0.1521000,115,17093013,17093013,1678494014715,true
7245559,0.1521000,7670,17093014,17093016,1678494015212,true
7245560,0.1521000,350,17093017,17093017,1678494015875,true
7245561,0.1522000,794,17093018,17093019,1678494024298,false
7245562,0.1522000,505,17093020,17093021,1678494028223,false
7245563,0.1522000,998,17093022,17093022,1678494030322,false
7245564,0.1521000,11057,17093023,17093029,1678494030945,true
7245565,0.1522000,10476,17093030,17093035,1678494031023,false
7245566,0.1521000,647,17093036,17093036,1678494031025,true
7245567,0.1522000,10606,17093037,17093042,1678494031051,false
7245568,0.1522000,39,17093043,17093043,1678494035629,false
7245569,0.1521000,9731,17093044,17093047,1678494036217,true
7245570,0.1520000,39,17093048,17093048,1678494037140,true
7245571,0.1521000,137,17093049,17093049,1678494038375,false
7245572,0.1520000,846,17093050,17093050,1678494038921,true
7245573,0.1519000,7883,17093051,17093053,1678494038921,true
7245574,0.1519000,4037,17093054,17093055,1678494039038,true
7245575,0.1518000,4703,17093056,17093058,1678494039038,true
7245576,0.1519000,99,17093059,17093059,1678494049640,false
7245577,0.1519000,310,17093060,17093060,1678494054316,false
7245578,0.1519000,11576,17093061,17093068,1678494057208,false
7245579,0.1518000,8745,17093069,17093072,1678494057230,true
7245580,0.1519000,5039,17093073,17093079,1678494057232,false
7245581,0.1519000,310,17093080,17093080,1678494058252,false
7245582,0.1519000,219,17093081,17093081,1678494060298,false
7245583,0.1518000,7600,17093082,17093088,1678494060920,true
7245584,0.1519000,2714,17093089,17093091,1678494062223,false
7245585,0.1519000,80,17093092,17093092,1678494062264,true
7245586,0.1519000,680,17093093,17093093,1678494062489,true
7245587,0.1519000,743,17093094,17093094,1678494062866,true
7245588,0.1519000,327,17093095,17093095,1678494063546,true
7245589,0.1520000,104,17093096,17093096,1678494068248,false
7245590,0.1519000,445,17093097,17093097,1678494068625,true
7245591,0.1520000,170,17093098,17093098,1678494071114,false
7245592,0.1519000,593,17093099,17093099,1678494071677,true
7245593,0.1519000,297,17093100,17093100,1678494072462,true
7245594,0.1519000,14100,17093101,17093105,1678494077305,true
7245595,0.1518000,160,17093106,17093107,1678494077320,true
7245596,0.1519000,10029,17093108,17093112,1678494077338,false
7245597,0.1520000,118,17093113,17093113,1678494077338,false
7245598,0.1519000,409,17093114,17093116,1678494077362,true
7245599,0.1519000,939,17093117,17093118,1678494077527,true
7245600,0.1519000,2773,17093119,17093120,1678494077888,true
7245601,0.1519000,2085,17093121,17093121,1678494078950,true
7245602,0.1519000,1391,17093122,17093123,1678494079545,true
7245603,0.1519000,83,17093124,17093124,1678494079795,true
7245604,0.1519000,170,17093125,17093125,1678494080339,false
7245605,0.1519000,7955,17093126,17093129,1678494081954,false
7245606,0.1519000,361,17093130,17093130,1678494082149,true
7245607,0.1520000,832,17093131,17093133,1678494088328,false
7245608,0.1519000,1571,17093134,17093134,1678494089853,true
7245609,0.1519000,7965,17093135,17093142,1678494092050,true
7245610,0.1518000,816,17093143,17093144,1678494092416,true
7245611,0.1519000,170,17093145,17093145,1678494092618,false
7245612,0.1518000,263,17093146,17093146,1678494094197,true
7245613,0.1519000,62,17093147,17093147,1678494098263,false
7245614,0.1518000,872,17093148,17093149,1678494098592,true
7245615,0.1518000,11697,17093150,17093154,1678494102351,true
7245616,0.1517000,160,17093155,17093157,1678494102370,true
7245617,0.1517000,1980,17093158,17093159,1678494102572,true
7245618,0.1518000,170,17093160,17093160,1678494102744,false
7245619,0.1517000,6580,17093161,17093165,1678494102759,true
7245620,0.1518000,62,17093166,17093166,1678494114261,false
7245621,0.1518000,4961,17093167,17093172,1678494114576,false
7245622,0.1518000,80,17093173,17093173,1678494114749,true
7245623,0.1519000,170,17093174,17093174,1678494115907,false
7245624,0.1518000,327,17093175,17093175,1678494117335,true
7245625,0.1518000,38,17093176,17093176,1678494120754,true
7245626,0.1519000,22649,17093177,17093188,1678494123361,false
7245627,0.1518000,7837,17093189,17093194,1678494123413,true
7245628,0.1517000,711,17093195,17093195,1678494123413,true
7245629,0.1518000,442,17093196,17093196,1678494123627,true
7245630,0.1517000,1026,17093197,17093198,1678494123627,true
7245631,0.1518000,273,17093199,17093199,1678494126863,false
7245632,0.1517000,78,17093200,17093200,1678494127851,true
7245633,0.1518000,104,17093201,17093201,1678494128277,false
7245634,0.1518000,170,17093202,17093202,1678494130172,false
7245635,0.1518000,4045,17093203,17093205,1678494133064,false
7245636,0.1518000,6186,17093206,17093206,1678494133070,true
7245637,0.1517000,2569,17093207,17093207,1678494133070,true
7245638,0.1518000,3652,17093208,17093211,1678494133076,true
7245639,0.1517000,2245,17093212,17093213,1678494133084,true
7245640,0.1517000,330,17093214,17093214,1678494133514,true
7245641,0.1517000,350,17093215,17093215,1678494133988,true
7245642,0.1518000,271,17093216,17093216,1678494135004,false
7245643,0.1518000,170,17093217,17093217,1678494142419,false
7245644,0.1518000,824,17093218,17093220,1678494142668,false
7245645,0.1518000,80,17093221,17093221,1678494142769,true
7245646,0.1519000,271,17093222,17093222,1678494149207,false
7245647,0.1519000,24096,17093223,17093231,1678494153432,false
7245648,0.1519000,160,17093232,17093233,1678494153459,true
7245649,0.1519000,5761,17093234,17093239,1678494156882,true
7245650,0.1518000,634,17093240,17093243,1678494156938,true
7245651,0.1519000,271,17093244,17093244,1678494158403,false
7245652,0.1519000,187,17093245,17093245,1678494158622,false
7245653,0.1519000,11052,17093246,17093250,1678494163158,false
7245654,0.1520000,186,17093251,17093251,1678494165804,false
7245655,0.1520000,271,17093252,17093252,1678494170521,false
7245656,0.1520000,1214,17093253,17093254,1678494172908,false
7245657,0.1521000,186,17093255,17093255,1678494176915,false
7245658,0.1521000,271,17093256,17093256,1678494177771,false
7245659,0.1520000,9222,17093257,17093262,1678494180013,true
7245660,0.1519000,778,17093263,17093263,1678494180013,true
7245661,0.1520000,5795,17093264,17093267,1678494180037,false
7245662,0.1520000,1320,17093268,17093268,1678494183512,true
7245663,0.1521000,271,17093269,17093270,1678494187957,false
7245664,0.1521000,186,17093271,17093271,1678494188149,false
7245665,0.1521000,156,17093272,17093272,1678494191923,false
7245666,0.1520000,8746,17093273,17093273,1678494194200,true
7245667,0.1521000,312,17093274,17093274,1678494194626,false
7245668,0.1520000,1051,17093275,17093275,1678494194838,true
7245669,0.1521000,186,17093276,17093277,1678494196321,false
7245670,0.1521000,15324,17093278,17093284,1678494201453,false
7245671,0.1521000,32482,17093285,17093297,1678494203202,false
7245672,0.1522000,2106,17093298,17093298,1678494203243,false
7245673,0.1522000,186,17093299,17093300,1678494204479,false
7245674,0.1522000,186,17093301,17093301,1678494211665,false
7245675,0.1522000,5761,17093302,17093309,1678494227578,false
7245676,0.1522000,1317,17093310,17093310,1678494233630,true
7245677,0.1522000,2376,17093311,17093311,1678494234038,true
7245678,0.1522000,14000,17093312,17093321,1678494235304,true
7245679,0.1521000,4379,17093322,17093324,1678494235313,true
7245680,0.1522000,1930,17093325,17093326,1678494236087,false
7245681,0.1522000,7026,17093327,17093332,1678494242368,false
7245682,0.1522000,767,17093333,17093333,1678494243118,true
7245683,0.1522000,312,17093334,17093334,1678494243394,true
7245684,0.1522000,768,17093335,17093335,1678494243870,true
7245685,0.1522000,2373,17093336,17093337,1678494249987,true
7245686,0.1522000,2446,17093338,17093339,1678494250175,true
7245687,0.1523000,90,17093340,17093340,1678494250260,false
7245688,0.1522000,4602,17093341,17093346,1678494250370,true
7245689,0.1522000,2414,17093347,17093347,1678494250544,true
7245690,0.1522000,2326,17093348,17093351,1678494252411,true
7245691,0.1522000,2204,17093352,17093352,1678494252515,true
7245692,0.1521000,1396,17093353,17093354,1678494252522,true
7245693,0.1522000,12118,17093355,17093362,1678494255620,false
7245694,0.1522000,2591,17093363,17093364,1678494255733,true
7245695,0.1522000,463,17093365,17093365,1678494255851,true
7245696,0.1522000,1318,17093366,17093366,1678494258274,true
7245697,0.1522000,1316,17093367,17093367,1678494267615,true
7245698,0.1522000,2236,17093368,17093369,1678494270007,true
7245699,0.1522000,2399,17093370,17093371,1678494270196,true
7245700,0.1522000,4380,17093372,17093373,1678494270383,true
7245701,0.1522000,443,17093374,17093374,1678494270522,true
7245702,0.1522000,3002,17093375,17093376,1678494277753,true
7245703,0.1522000,2239,17093377,17093378,1678494277890,true
7245704,0.1522000,3199,17093379,17093380,1678494278108,true
7245705,0.1522000,3731,17093381,17093383,1678494278305,true
7245706,0.1522000,2265,17093384,17093385,1678494278445,true
7245707,0.1523000,1826,17093386,17093387,1678494278454,false
7245708,0.1522000,6041,17093388,17093395,1678494278502,true
7245709,0.1521000,79,17093396,17093396,1678494278546,true
7245710,0.1522000,11897,17093397,17093404,1678494303338,false
7245711,0.1522000,3643,17093405,17093410,1678494303398,true
7245712,0.1522000,2439,17093411,17093414,1678494303548,true
7245713,0.1522000,2147,17093415,17093415,1678494303721,true
7245714,0.1523000,1320,17093416,17093417,1678494304188,false
7245715,0.1523000,147,17093418,17093418,1678494307638,false
7245716,0.1522000,1320,17093419,17093419,1678494308876,true
7245717,0.1523000,8161,17093420,17093423,1678494308953,false
7245718,0.1522000,158,17093424,17093425,1678494308959,true
7245719,0.1523000,142,17093426,17093426,1678494315817,false
7245720,0.1522000,1318,17093427,17093429,1678494316735,true
7245721,0.1522000,552,17093430,17093430,1678494323358,true
7245722,0.1522000,8121,17093431,17093436,1678494326741,true
7245723,0.1523000,12390,17093437,17093442,1678494326813,false
7245724,0.1523000,142,17093443,17093443,1678494328969,false
7245725,0.1523000,474,17093444,17093446,1678494338197,false
7245726,0.1523000,6235,17093447,17093450,1678494342095,false
7245727,0.1524000,320,17093451,17093451,1678494342385,false
7245728,0.1524000,330,17093452,17093452,1678494345449,false
7245729,0.1524000,142,17093453,17093453,1678494350347,false
7245730,0.1524000,39,17093454,17093454,1678494351101,false
7245731,0.1524000,18539,17093455,17093461,1678494352476,false
7245732,0.1525000,16529,17093462,17093468,1678494352492,false
7245733,0.1525000,591,17093469,17093469,1678494352585,true
7245734,0.1526000,330,17093470,17093470,1678494358620,false
7245735,0.1526000,937,17093471,17093472,1678494362660,false
7245736,0.1526000,716,17093473,17093473,1678494362870,false
7245737,0.1526000,142,17093474,17093474,1678494363600,false
7245738,0.1526000,1171,17093475,17093475,1678494363946,false
7245739,0.1527000,262,17093476,17093476,1678494363946,false
7245740,0.1526000,8529,17093477,17093482,1678494364959,true
7245741,0.1525000,10022,17093483,17093489,1678494364965,true
7245742,0.1524000,347,17093490,17093490,1678494365057,true
7245743,0.1525000,330,17093491,17093491,1678494370785,false
7245744,0.1525000,408,17093492,17093494,1678494374317,false
7245745,0.1525000,642,17093495,17093495,1678494374430,false
7245746,0.1526000,142,17093496,17093496,1678494374932,false
7245747,0.1526000,330,17093497,17093497,1678494379941,false
7245748,0.1526000,406,17093498,17093498,1678494383468,false
7245749,0.1526000,22750,17093499,17093511,1678494385537,false
7245750,0.1526000,2130,17093512,17093513,1678494387228,false
7245751,0.1527000,2529,17093514,17093519,1678494387293,false
7245752,0.1527000,3940,17093520,17093520,1678494387500,false
7245753,0.1527000,171,17093521,17093521,1678494390329,true
7245754,0.1528000,330,17093522,17093523,1678494391053,false
7245755,0.1528000,406,17093524,17093524,1678494392660,false
7245756,0.1528000,330,17093525,17093526,1678494398181,false
7245757,0.1528000,406,17093527,17093527,1678494406858,false
7245758,0.1528000,15151,17093528,17093532,1678494410591,false
7245759,0.1528000,158,17093533,17093534,1678494410609,true
7245760,0.1528000,4356,17093535,17093538,1678494410909,true
7245761,0.1528000,379,17093539,17093540,1678494411325,true
7245762,0.1528000,264,17093541,17093541,1678494412521,true
7245763,0.1528000,528,17093542,17093542,1678494413850,true
7245764,0.1528000,1056,17093543,17093544,1678494414450,true
7245765,0.1528000,264,17093545,17093545,1678494415292,true
7245766,0.1529000,406,17093546,17093548,1678494420093,false
7245767,0.1528000,3759,17093549,17093551,1678494432444,true
7245768,0.1528000,10015,17093552,17093557,1678494432491,false
7245769,0.1528000,4061,17093558,17093562,1678494432581,true
7245770,0.1527000,812,17093563,17093564,1678494432702,true
7245771,0.1527000,263,17093565,17093565,1678494433004,true
7245772,0.1528000,406,17093566,17093566,1678494433291,false
7245773,0.1528000,406,17093567,17093567,1678494445468,false
7245774,0.1528000,380,17093568,17093569,1678494456131,false
7245775,0.1528000,16899,17093570,17093580,1678494457666,false
7245776,0.1527000,16669,17093581,17093593,1678494469701,true
7245777,0.1526000,744,17093594,17093595,1678494482815,true
7245778,0.1527000,21020,17093596,17093606,1678494490803,false
7245779,0.1527000,10295,17093607,17093622,1678494516713,true
7245780,0.1528000,14040,17093623,17093628,1678494516776,false
7245781,0.1528000,264,17093629,17093629,1678494517033,true
7245782,0.1528000,197,17093630,17093630,1678494517298,true
7245783,0.1528000,1041,17093631,17093632,1678494517494,true
7245784,0.1529000,6167,17093633,17093637,1678494522304,false
7245785,0.1529000,793,17093638,17093638,1678494522477,false
7245786,0.1528000,327,17093639,17093639,1678494523637,true
7245787,0.1529000,355,17093640,17093641,1678494541269,false
7245788,0.1529000,4012,17093642,17093648,1678494541373,false
7245789,0.1529000,2567,17093649,17093650,1678494541512,false
7245790,0.1528000,218,17093651,17093651,1678494541533,true
7245791,0.1529000,3010,17093652,17093655,1678494541601,false
7245792,0.1529000,3981,17093656,17093660,1678494541723,false
7245793,0.1529000,1069,17093661,17093662,1678494542108,true
7245794,0.1529000,79,17093663,17093664,1678494542357,true
7245795,0.1529000,1205,17093665,17093665,1678494542725,true
7245796,0.1530000,15832,17093666,17093675,1678494543267,false
7245797,0.1530000,2837,17093676,17093679,1678494543558,true
7245798,0.1530000,2611,17093680,17093681,1678494543708,true
7245799,0.1529000,672,17093682,17093682,1678494543715,true
7245800,0.1529000,386,17093683,17093684,1678494543925,true
7245801,0.1530000,3142,17093685,17093687,1678494545050,false
7245802,0.1530000,3928,17093688,17093692,1678494548879,true
7245803,0.1530000,6772,17093693,17093697,1678494549067,true
7245804,0.1530000,4017,17093698,17093700,1678494549219,true
7245805,0.1529000,7862,17093701,17093706,1678494549269,true
7245806,0.1529000,5563,17093707,17093711,1678494558294,true
7245807,0.1529000,6589,17093712,17093714,1678494559756,true
7245808,0.1529000,183,17093715,17093715,1678494560109,true
7245809,0.1530000,4027,17093716,17093719,1678494560934,false
7245810,0.1530000,12643,17093720,17093720,1678494563506,false
7245811,0.1531000,2038,17093721,17093724,1678494563836,false
7245812,0.1531000,11070,17093725,17093731,1678494563941,false
7245813,0.1530000,603,17093732,17093732,1678494564045,true
7245814,0.1531000,2189,17093733,17093734,1678494564087,false
7245815,0.1532000,2559,17093735,17093738,1678494564095,false
7245816,0.1531000,1068,17093739,17093742,1678494564413,true
7245817,0.1531000,103,17093743,17093743,1678494564672,true
7245818,0.1531000,197,17093744,17093744,1678494564818,true
7245819,0.1532000,1803,17093745,17093746,1678494567034,false
7245820,0.1531000,375,17093747,17093747,1678494570313,true
7245821,0.1531000,1286,17093748,17093748,1678494571001,true
7245822,0.1530000,3516,17093749,17093750,1678494571194,true
7245823,0.1530000,290,17093751,17093751,1678494572471,true
7245824,0.1529000,3045,17093752,17093753,1678494572471,true
7245825,0.1529000,8681,17093754,17093757,1678494588989,true
7245826,0.1529000,3127,17093758,17093759,1678494592908,true
7245827,0.1529000,2343,17093760,17093762,1678494592941,false
7245828,0.1529000,1250,17093763,17093763,1678494602307,true
7245829,0.1530000,923,17093764,17093765,1678494602882,false
7245830,0.1529000,220,17093766,17093766,1678494603086,true
7245831,0.1530000,4033,17093767,17093770,1678494603874,false
7245832,0.1530000,2391,17093771,17093774,1678494603988,false
7245833,0.1531000,3964,17093775,17093778,1678494604806,false
7245834,0.1530000,2112,17093779,17093781,1678494605010,true
7245835,0.1530000,1364,17093782,17093783,1678494605239,true
7245836,0.1529000,197,17093784,17093784,1678494605519,true
7245837,0.1530000,4338,17093785,17093787,1678494606763,false
7245838,0.1530000,1814,17093788,17093790,1678494607648,false
7245839,0.1531000,11266,17093791,17093796,1678494607648,false
7245840,0.1531000,1364,17093797,17093798,1678494607698,true
7245841,0.1530000,4161,17093799,17093801,1678494607701,true
7245842,0.1531000,204,17093802,17093802,1678494611304,false
7245843,0.1531000,2061,17093803,17093805,1678494613938,false
7245844,0.1531000,264,17093806,17093806,1678494614864,true
7245845,0.1531000,591,17093807,17093807,1678494621194,true
7245846,0.1532000,857,17093808,17093809,1678494621249,false
7245847,0.1532000,200,17093810,17093810,1678494622486,false
7245848,0.1531000,1077,17093811,17093811,1678494624282,true
7245849,0.1531000,787,17093812,17093812,1678494628309,true
7245850,0.1531000,1087,17093813,17093813,1678494630309,true
7245851,0.1532000,200,17093814,17093814,1678494633662,false
7245852,0.1532000,14010,17093815,17093816,1678494634007,false
7245853,0.1532000,6572,17093817,17093818,1678494634051,true
7245854,0.1532000,12541,17093819,17093821,1678494635276,true
7245855,0.1532000,8059,17093822,17093825,1678494635384,true
7245856,0.1532000,2737,17093826,17093830,1678494635487,true
7245857,0.1531000,250,17093831,17093831,1678494637297,true
7245858,0.1531000,381,17093832,17093832,1678494638304,true
7245859,0.1532000,200,17093833,17093833,1678494640822,false
7245860,0.1532000,139,17093834,17093834,1678494644106,false
7245861,0.1532000,200,17093835,17093835,1678494654023,false
7245862,0.1532000,136,17093836,17093836,1678494657291,false
7245863,0.1532000,1112,17093837,17093840,1678494660056,false
7245864,0.1532000,13946,17093841,17093843,1678494660062,true
7245865,0.1532000,3907,17093844,17093846,1678494660187,true
7245866,0.1533000,200,17093847,17093847,1678494668196,false
7245867,0.1532000,102,17093848,17093848,1678494668320,true
7245868,0.1533000,6580,17093849,17093855,1678494668332,false
7245869,0.1533000,201,17093856,17093856,1678494670119,false
7245870,0.1533000,136,17093857,17093857,1678494671466,false
7245871,0.1532000,39,17093858,17093858,1678494672238,true
7245872,0.1532000,69,17093859,17093859,1678494674750,true
7245873,0.1532000,676,17093860,17093860,1678494677828,true
7245874,0.1533000,200,17093861,17093861,1678494679290,false
7245875,0.1532000,676,17093862,17093863,1678494679820,true
7245876,0.1533000,196,17093864,17093865,1678494680232,false
7245877,0.1532000,99,17093866,17093866,1678494680258,true
7245878,0.1533000,3957,17093867,17093871,1678494682210,false
7245879,0.1533000,4745,17093872,17093873,1678494682234,true
7245880,0.1533000,123,17093874,17093874,1678494684325,true
7245881,0.1534000,136,17093875,17093876,1678494684588,false
7245882,0.1534000,3068,17093877,17093882,1678494685699,false
7245883,0.1534000,6183,17093883,17093887,1678494686108,false
7245884,0.1534000,328,17093888,17093888,1678494688289,true
7245885,0.1534000,16264,17093889,17093898,1678494690479,true
7245886,0.1534000,6904,17093899,17093904,1678494690607,true
7245887,0.1534000,196,17093905,17093905,1678494692481,false
7245888,0.1534000,136,17093906,17093906,1678494698774,false
7245889,0.1534000,196,17093907,17093907,1678494704746,false
7245890,0.1533000,8098,17093908,17093912,1678494707438,true
7245891,0.1532000,566,17093913,17093913,1678494707438,true
7245892,0.1533000,9655,17093914,17093917,1678494707480,false
7245893,0.1533000,5273,17093918,17093924,1678494707526,true
7245894,0.1534000,136,17093925,17093925,1678494709011,false
7245895,0.1533000,292,17093926,17093926,1678494711613,true
7245896,0.1534000,196,17093927,17093927,1678494714877,false
7245897,0.1534000,136,17093928,17093928,1678494718120,false
7245898,0.1534000,25378,17093929,17093947,1678494727063,false
7245899,0.1535000,1158,17093948,17093949,1678494727112,false
7245900,0.1534000,839,17093950,17093951,1678494728147,true
7245901,0.1534000,226,17093952,17093952,1678494728257,true
7245902,0.1535000,141,17093953,17093953,1678494730208,false
7245903,0.1534000,225,17093954,17093954,1678494732307,true
7245904,0.1534000,6209,17093955,17093956,1678494732984,true
7245905,0.1534000,2777,17093957,17093960,1678494733115,true
7245906,0.1534000,7528,17093961,17093965,1678494733571,false
7245907,0.1535000,138,17093966,17093966,1678494737608,false
7245908,0.1534000,205,17093967,17093967,1678494740279,true
7245909,0.1535000,196,17093968,17093968,1678494740288,false
7245910,0.1535000,7964,17093969,17093973,1678494740978,false
7245911,0.1535000,3801,17093974,17093974,1678494741220,true
7245912,0.1535000,1798,17093975,17093975,1678494741344,true
7245913,0.1535000,461,17093976,17093977,1678494741950,true
7245914,0.1535000,114,17093978,17093978,1678494744320,true
7245915,0.1535000,102,17093979,17093979,1678494748239,true
7245916,0.1535000,97,17093980,17093980,1678494748463,true
7245917,0.1536000,138,17093981,17093982,1678494749846,false
7245918,0.1536000,23838,17093983,17093991,1678494754507,false
7245919,0.1536000,2793,17093992,17093994,1678494757010,false
7245920,0.1535000,102,17093995,17093995,1678494758313,true
7245921,0.1536000,138,17093996,17093996,1678494759030,false
7245922,0.1535000,102,17093997,17093997,1678494762251,true
7245923,0.1535000,102,17093998,17093998,1678494770238,true
7245924,0.1536000,138,17093999,17093999,1678494772129,false
7245925,0.1535000,1305,17094000,17094001,1678494775559,true
7245926,0.1536000,296,17094002,17094002,1678494777331,false
7245927,0.1536000,15995,17094003,17094005,1678494779553,false
7245928,0.1536000,138,17094006,17094006,1678494780292,false
7245929,0.1536000,138,17094007,17094007,1678494787423,false
7245930,0.1536000,60,17094008,17094008,1678494788708,false
7245931,0.1536000,217,17094009,17094010,1678494790732,false
7245932,0.1535000,4645,17094011,17094015,1678494800590,true
7245933,0.1534000,3348,17094016,17094017,1678494800616,true
7245934,0.1535000,9745,17094018,17094023,1678494800656,false
7245935,0.1535000,7356,17094024,17094026,1678494800699,true
7245936,0.1534000,985,17094027,17094027,1678494800947,true
7245937,0.1535000,2525,17094028,17094029,1678494801677,false
7245938,0.1535000,1758,17094030,17094031,1678494802635,false
7245939,0.1535000,926,17094032,17094034,1678494802893,true
7245940,0.1536000,212,17094035,17094035,1678494803110,false
7245941,0.1536000,8939,17094036,17094042,1678494808737,false
7245942,0.1536000,4348,17094043,17094047,1678494808915,true
7245943,0.1536000,2559,17094048,17094048,1678494809017,true
7245944,0.1535000,1232,17094049,17094049,1678494809017,true
7245945,0.1535000,985,17094050,17094050,1678494809208,true
7245946,0.1536000,212,17094051,17094051,1678494811407,false
7245947,0.1536000,1298,17094052,17094054,1678494817018,false
7245948,0.1536000,3635,17094055,17094056,1678494817144,true
7245949,0.1537000,212,17094057,17094058,1678494822583,false
7245950,0.1537000,2761,17094059,17094063,1678494826235,false
7245951,0.1537000,2422,17094064,17094071,1678494826567,false
7245952,0.1537000,1163,17094072,17094072,1678494826949,false
7245953,0.1537000,3386,17094073,17094074,1678494827114,true
7245954,0.1537000,3106,17094075,17094075,1678494827232,true
7245955,0.1537000,654,17094076,17094076,1678494827405,true
7245956,0.1537000,523,17094077,17094077,1678494827574,true
7245957,0.1537000,187,17094078,17094078,1678494830221,true
7245958,0.1538000,212,17094079,17094082,1678494831770,false
7245959,0.1537000,41,17094083,17094083,1678494838243,true
7245960,0.1537000,332,17094084,17094084,1678494839731,true
7245961,0.1538000,4684,17094085,17094087,1678494839838,false
7245962,0.1538000,1627,17094088,17094089,1678494840395,false
7245963,0.1538000,179,17094090,17094090,1678494841605,false
7245964,0.1538000,212,17094091,17094091,1678494842940,false
7245965,0.1538000,255,17094092,17094093,1678494843467,false
7245966,0.1537000,1460,17094094,17094094,1678494843752,true
7245967,0.1538000,5360,17094095,17094097,1678494846017,false
7245968,0.1538000,10199,17094098,17094105,1678494846110,true
7245969,0.1537000,7180,17094106,17094110,1678494846169,true
7245970,0.1538000,13001,17094111,17094117,1678494846200,false
7245971,0.1537000,1305,17094118,17094119,1678494846478,true
7245972,0.1538000,206,17094120,17094120,1678494846854,false
7245973,0.1537000,187,17094121,17094122,1678494848300,true
7245974,0.1538000,174,17094123,17094123,1678494849878,false
7245975,0.1537000,187,17094124,17094125,1678494852252,true
7245976,0.1538000,178,17094126,17094126,1678494853178,false
7245977,0.1538000,212,17094127,17094127,1678494854049,false
7245978,0.1538000,236,17094128,17094128,1678494854593,false
7245979,0.1538000,252,17094129,17094132,1678494856583,false
7245980,0.1538000,374,17094133,17094135,1678494857040,false
7245981,0.1538000,87,17094136,17094136,1678494861835,false
7245982,0.1538000,9923,17094137,17094145,1678494861929,true
7245983,0.1537000,1020,17094146,17094146,1678494861988,true
7245984,0.1538000,252,17094147,17094147,1678494863865,false
7245985,0.1538000,174,17094148,17094149,1678494864217,false
7245986,0.1538000,919,17094150,17094151,1678494864310,true
7245987,0.1537000,5131,17094152,17094156,1678494864319,true
7245988,0.1537000,5618,17094157,17094159,1678494864423,true
7245989,0.1537000,990,17094160,17094160,1678494865058,true
7245990,0.1538000,239,17094161,17094161,1678494865716,false
7245991,0.1538000,178,17094162,17094162,1678494867408,false
7245992,0.1538000,236,17094163,17094164,1678494868824,false
7245993,0.1538000,3094,17094165,17094167,1678494869410,false
7245994,0.1538000,7497,17094168,17094172,1678494869462,true
7245995,0.1539000,155,17094173,17094173,1678494869628,false
7245996,0.1539000,200,17094174,17094174,1678494871309,false
7245997,0.1538000,197,17094175,17094175,1678494871961,true
7245998,0.1539000,174,17094176,17094176,1678494874451,false
7245999,0.1539000,252,17094177,17094177,1678494875100,false
7246000,0.1539000,178,17094178,17094179,1678494878570,false
7246001,0.1539000,153,17094180,17094180,1678494878805,false
7246002,0.1539000,238,17094181,17094181,1678494879076,false
7246003,0.1539000,65,17094182,17094182,1678494881296,false
7246004,0.1539000,6646,17094183,17094195,1678494882578,false
7246005,0.1539000,2312,17094196,17094200,1678494882686,false
7246006,0.1539000,352,17094201,17094203,1678494882788,false
7246007,0.1539000,216,17094204,17094204,1678494883050,false
7246008,0.1540000,20,17094205,17094205,1678494883050,false
7246009,0.1539000,9857,17094206,17094218,1678494883120,true
7246010,0.1539000,3579,17094219,17094220,1678494883241,true
7246011,0.1538000,2623,17094221,17094222,1678494883283,true
7246012,0.1539000,252,17094223,17094223,1678494883284,false
7246013,0.1538000,945,17094224,17094225,1678494883285,true
7246014,0.1539000,6213,17094226,17094229,1678494883318,false
7246015,0.1540000,3985,17094230,17094233,1678494883318,false
7246016,0.1540000,7941,17094234,17094237,1678494884777,false
7246017,0.1540000,197,17094238,17094238,1678494885086,true
7246018,0.1540000,528,17094239,17094239,1678494885306,true
7246019,0.1541000,200,17094240,17094240,1678494885423,false
7246020,0.1541000,174,17094241,17094241,1678494885717,false
7246021,0.1541000,238,17094242,17094243,1678494886283,false
7246022,0.1541000,178,17094244,17094244,1678494888756,false
7246023,0.1540000,269,17094245,17094245,1678494890275,true
7246024,0.1541000,252,17094246,17094246,1678494890580,false
7246025,0.1541000,771,17094247,17094249,1678494891026,false
7246026,0.1541000,197,17094250,17094250,1678494891639,true
7246027,0.1541000,1678,17094251,17094254,1678494891866,true
7246028,0.1542000,200,17094255,17094256,1678494892711,false
7246029,0.1542000,153,17094257,17094257,1678494892993,false
7246030,0.1541000,857,17094258,17094258,1678494893078,true
7246031,0.1541000,1249,17094259,17094260,1678494893231,true
7246032,0.1542000,238,17094261,17094261,1678494893414,false
7246033,0.1541000,985,17094262,17094262,1678494893758,true
7246034,0.1541000,264,17094263,17094263,1678494893905,true
7246035,0.1541000,264,17094264,17094264,1678494894347,true
7246036,0.1541000,985,17094265,17094266,1678494894678,true
7246037,0.1541000,197,17094267,17094267,1678494895164,true
7246038,0.1541000,1101,17094268,17094269,1678494895394,true
7246039,0.1542000,174,17094270,17094270,1678494896869,false
7246040,0.1542000,236,17094271,17094271,1678494897311,false
7246041,0.1541000,197,17094272,17094273,1678494898676,true
7246042,0.1542000,252,17094274,17094276,1678494898754,false
7246043,0.1542000,200,17094277,17094277,1678494899796,false
7246044,0.1542000,178,17094278,17094279,1678494899925,false
7246045,0.1542000,3019,17094280,17094284,1678494900917,false
7246046,0.1541000,900,17094285,17094285,1678494902267,true
7246047,0.1541000,2423,17094286,17094288,1678494903651,true
7246048,0.1540000,250,17094289,17094289,1678494904311,true
7246049,0.1541000,3520,17094290,17094292,1678494905001,false
7246050,0.1541000,236,17094293,17094293,1678494905471,false
7246051,0.1541000,2558,17094294,17094297,1678494905814,false
7246052,0.1542000,153,17094298,17094300,1678494906118,false
7246053,0.1542000,238,17094301,17094301,1678494906677,false
7246054,0.1541000,88,17094302,17094302,1678494908281,true
7246055,0.1542000,9941,17094303,17094313,1678494908859,false
7246056,0.1543000,178,17094314,17094316,1678494910090,false
7246057,0.1542000,474,17094317,17094317,1678494912254,true
7246058,0.1543000,236,17094318,17094319,1678494913655,false
7246059,0.1542000,8803,17094320,17094321,1678494913837,true
7246060,0.1541000,3002,17094322,17094322,1678494913841,true
7246061,0.1542000,200,17094323,17094324,1678494913968,false
7246062,0.1541000,1303,17094325,17094325,1678494914056,true
7246063,0.1541000,1395,17094326,17094326,1678494916157,true
7246064,0.1542000,238,17094327,17094327,1678494916864,false
7246065,0.1541000,25102,17094328,17094344,1678494916916,true
7246066,0.1540000,2626,17094345,17094345,1678494916974,true
7246067,0.1540000,396,17094346,17094346,1678494917400,true
7246068,0.1541000,178,17094347,17094347,1678494917824,false
7246069,0.1541000,153,17094348,17094348,1678494920383,false
7246070,0.1540000,2576,17094349,17094351,1678494921783,true
7246071,0.1540000,1179,17094352,17094352,1678494922308,true
7246072,0.1540000,93,17094353,17094354,1678494924281,true
7246073,0.1540000,1168,17094355,17094355,1678494924880,true
7246074,0.1541000,238,17094356,17094357,1678494927033,false
7246075,0.1540000,797,17094358,17094358,1678494927750,true
7246076,0.1541000,362,17094359,17094359,1678494928144,false
7246077,0.1540000,93,17094360,17094360,1678494928322,true
7246078,0.1541000,153,17094361,17094361,1678494931568,false
7246079,0.1540000,41,17094362,17094362,1678494934228,true
7246080,0.1540000,8682,17094363,17094367,1678494934848,true
7246081,0.1540000,9392,17094368,17094370,1678494934938,false
7246082,0.1541000,14774,17094371,17094380,1678494934938,false
7246083,0.1540000,746,17094381,17094382,1678494936428,true
7246084,0.1539000,93,17094383,17094383,1678494938283,true
7246085,0.1539000,2535,17094384,17094385,1678494940180,true
7246086,0.1538000,8833,17094386,17094388,1678494940180,true
7246087,0.1539000,4492,17094389,17094392,1678494940248,false
7246088,0.1539000,357,17094393,17094393,1678494942306,false
7246089,0.1538000,624,17094394,17094395,1678494942500,true
7246090,0.1539000,153,17094396,17094396,1678494942783,false
7246091,0.1539000,2621,17094397,17094397,1678494949957,false
7246092,0.1539000,721,17094398,17094398,1678494950242,false
7246093,0.1539000,357,17094399,17094400,1678494950490,false
7246094,0.1538000,4129,17094401,17094403,1678494952604,true
7246095,0.1539000,279,17094404,17094404,1678494952630,false
7246096,0.1538000,3268,17094405,17094408,1678494952634,true
7246097,0.1537000,6742,17094409,17094412,1678494952674,true
7246098,0.1537000,909,17094413,17094413,1678494952898,true
7246099,0.1537000,1044,17094414,17094415,1678494953122,true
7246100,0.1537000,651,17094416,17094417,1678494953447,true
7246101,0.1537000,1303,17094418,17094418,1678494954932,true
7246102,0.1538000,39,17094419,17094419,1678494955694,false
7246103,0.1537000,13226,17094420,17094421,1678494957015,true
7246104,0.1537000,96,17094422,17094422,1678494960294,true
7246105,0.1537000,197,17094423,17094423,1678494960891,true
7246106,0.1538000,276,17094424,17094425,1678494961099,false
7246107,0.1537000,4613,17094426,17094430,1678494962065,true
7246108,0.1537000,7044,17094431,17094436,1678494962256,true
7246109,0.1537000,1644,17094437,17094439,1678494962473,true
7246110,0.1536000,1916,17094440,17094441,1678494962571,true
7246111,0.1537000,357,17094442,17094442,1678494962677,false
7246112,0.1536000,1513,17094443,17094445,1678494962729,true
7246113,0.1536000,660,17094446,17094446,1678494963842,true
7246114,0.1537000,276,17094447,17094448,1678494973360,false
7246115,0.1537000,357,17094449,17094449,1678494975865,false
7246116,0.1536000,1304,17094450,17094451,1678494975916,true
7246117,0.1537000,11765,17094452,17094460,1678494975994,false
7246118,0.1536000,3849,17094461,17094462,1678494976162,true
7246119,0.1537000,200,17094463,17094463,1678494977368,false
7246120,0.1536000,197,17094464,17094464,1678494978347,true
7246121,0.1536000,2289,17094465,17094466,1678494983096,true
7246122,0.1536000,1058,17094467,17094468,1678494983301,true
7246123,0.1537000,357,17094469,17094469,1678494986037,false
7246124,0.1537000,276,17094470,17094471,1678494986472,false
7246125,0.1536000,5077,17094472,17094477,1678494987072,true
7246126,0.1536000,198,17094478,17094478,1678494987227,true
7246127,0.1537000,156,17094479,17094479,1678494987230,false
7246128,0.1536000,171,17094480,17094481,1678494987342,true
7246129,0.1536000,4798,17094482,17094485,1678494987484,true
7246130,0.1536000,4963,17094486,17094493,1678494987595,true
7246131,0.1536000,4448,17094494,17094497,1678494987717,true
7246132,0.1535000,10619,17094498,17094508,1678494987782,true
7246133,0.1535000,292,17094509,17094509,1678494987985,true
7246134,0.1534000,1305,17094510,17094513,1678494988662,true
7246135,0.1535000,14896,17094514,17094518,1678494991643,false
7246136,0.1536000,276,17094519,17094520,1678494994563,false
7246137,0.1536000,1925,17094521,17094522,1678494995714,false
7246138,0.1537000,154,17094523,17094523,1678494997466,false
7246139,0.1537000,357,17094524,17094524,1678495000242,false
7246140,0.1536000,486,17094525,17094525,1678495004311,true
7246141,0.1536000,276,17094526,17094526,1678495004673,false
7246142,0.1535000,394,17094527,17094527,1678495005052,true
7246143,0.1536000,154,17094528,17094528,1678495008649,false
7246144,0.1535000,1306,17094529,17094531,1678495012016,true
7246145,0.1536000,11324,17094532,17094539,1678495012149,false
7246146,0.1536000,158,17094540,17094541,1678495012165,true
7246147,0.1536000,8302,17094542,17094545,1678495012427,true
7246148,0.1535000,4686,17094546,17094551,1678495012434,true
7246149,0.1535000,3192,17094552,17094553,1678495012464,false
7246150,0.1536000,5168,17094554,17094558,1678495012464,false
7246151,0.1536000,158,17094559,17094560,1678495012479,true
7246152,0.1536000,1125,17094561,17094563,1678495012614,true
7246153,0.1536000,2937,17094564,17094564,1678495012789,true
7246154,0.1536000,591,17094565,17094565,1678495012912,true
7246155,0.1536000,197,17094566,17094566,1678495013390,true
7246156,0.1536000,197,17094567,17094567,1678495013864,true
7246157,0.1536000,197,17094568,17094569,1678495015954,true
7246158,0.1536000,985,17094570,17094571,1678495017525,true
7246159,0.1537000,430,17094572,17094574,1678495017848,false
7246160,0.1536000,8142,17094575,17094581,1678495018190,true
7246161,0.1535000,108,17094582,17094582,1678495018215,true
7246162,0.1535000,492,17094583,17094585,1678495018372,true
7246163,0.1535000,1483,17094586,17094587,1678495024912,true
7246164,0.1535000,1372,17094588,17094589,1678495025459,true
7246165,0.1535000,394,17094590,17094590,1678495025936,true
7246166,0.1535000,3673,17094591,17094592,1678495026404,true
7246167,0.1535000,154,17094593,17094593,1678495029105,false
7246168,0.1535000,15982,17094594,17094600,1678495038643,false
7246169,0.1535000,3397,17094601,17094604,1678495038720,true
7246170,0.1535000,2375,17094605,17094606,1678495038830,true
7246171,0.1534000,1355,17094607,17094608,1678495038830,true
7246172,0.1534000,850,17094609,17094610,1678495039018,true
7246173,0.1534000,5429,17094611,17094616,1678495039200,true
7246174,0.1534000,197,17094617,17094617,1678495039495,true
7246175,0.1534000,649,17094618,17094618,1678495039667,true
7246176,0.1534000,197,17094619,17094620,1678495040422,true
7246177,0.1534000,346,17094621,17094621,1678495040667,true
7246178,0.1534000,258,17094622,17094622,1678495041681,true
7246179,0.1534000,318,17094623,17094623,1678495042672,true
7246180,0.1534000,985,17094624,17094624,1678495042866,true
7246181,0.1535000,154,17094625,17094626,1678495043290,false
7246182,0.1534000,591,17094627,17094627,1678495045563,true
7246183,0.1534000,985,17094628,17094628,1678495046094,true
7246184,0.1534000,394,17094629,17094629,1678495046572,true
7246185,0.1534000,394,17094630,17094630,1678495051324,true
7246186,0.1535000,154,17094631,17094631,1678495055482,false
7246187,0.1534000,14669,17094632,17094635,1678495058206,true
7246188,0.1534000,7289,17094636,17094637,1678495058292,false
7246189,0.1535000,14779,17094638,17094647,1678495058292,false
7246190,0.1535000,458,17094648,17094651,1678495058313,true
7246191,0.1535000,848,17094652,17094654,1678495058443,true
7246192,0.1535000,1248,17094655,17094657,1678495058544,true
7246193,0.1535000,2123,17094658,17094658,1678495058654,true
7246194,0.1534000,3434,17094659,17094661,1678495058654,true
7246195,0.1534000,2251,17094662,17094664,1678495058843,true
7246196,0.1533000,197,17094665,17094665,1678495059029,true
7246197,0.1533000,292,17094666,17094666,1678495059236,true
7246198,0.1533000,415,17094667,17094667,1678495066633,true
7246199,0.1534000,328,17094668,17094668,1678495066862,false
7246200,0.1534000,324,17094669,17094669,1678495077047,false
7246201,0.1533000,197,17094670,17094671,1678495080093,true
7246202,0.1533000,631,17094672,17094673,1678495080252,true
7246203,0.1533000,197,17094674,17094674,1678495081474,true
7246204,0.1533000,938,17094675,17094675,1678495082739,true
7246205,0.1534000,16474,17094676,17094685,1678495083304,false
7246206,0.1533000,3339,17094686,17094686,1678495083309,true
7246207,0.1532000,4112,17094687,17094692,1678495083312,true
7246208,0.1533000,3424,17094693,17094694,1678495083342,false
7246209,0.1533000,3317,17094695,17094695,1678495083406,true
7246210,0.1533000,2474,17094696,17094698,1678495083514,true
7246211,0.1533000,4074,17094699,17094701,1678495083657,true
7246212,0.1533000,2000,17094702,17094705,1678495088992,true
7246213,0.1534000,324,17094706,17094706,1678495090281,false
7246214,0.1533000,3019,17094707,17094708,1678495098165,true
7246215,0.1534000,324,17094709,17094709,1678495099406,false
7246216,0.1534000,260,17094710,17094710,1678495099725,false
7246217,0.1533000,11380,17094711,17094714,1678495099817,true
7246218,0.1532000,4008,17094715,17094719,1678495099821,true
7246219,0.1533000,1161,17094720,17094723,1678495099843,true
7246220,0.1533000,4030,17094724,17094726,1678495100035,true
7246221,0.1533000,1994,17094727,17094734,1678495100161,true
7246222,0.1533000,61,17094735,17094735,1678495100298,true
7246223,0.1532000,1716,17094736,17094737,1678495100298,true
7246224,0.1532000,9210,17094738,17094745,1678495108426,true
7246225,0.1531000,1052,17094746,17094746,1678495108581,true
7246226,0.1531000,2439,17094747,17094751,1678495111861,true
7246227,0.1532000,324,17094752,17094752,1678495113611,false
7246228,0.1531000,60,17094753,17094753,1678495116838,true
7246229,0.1532000,10210,17094754,17094760,1678495117394,false
7246230,0.1531000,1637,17094761,17094761,1678495120151,true
7246231,0.1531000,4933,17094762,17094766,1678495125233,true
7246232,0.1530000,352,17094767,17094767,1678495125263,true
7246233,0.1531000,10537,17094768,17094771,1678495125312,false
7246234,0.1531000,479,17094772,17094774,1678495125338,true
7246235,0.1531000,824,17094775,17094777,1678495125618,true
7246236,0.1530000,3322,17094778,17094780,1678495125628,true
7246237,0.1530000,1433,17094781,17094785,1678495125815,true
7246238,0.1530000,758,17094786,17094787,1678495125920,true
7246239,0.1529000,2102,17094788,17094790,1678495125920,true
7246240,0.1530000,324,17094791,17094791,1678495127801,false
7246241,0.1530000,4797,17094792,17094798,1678495131114,false
7246242,0.1531000,1977,17094799,17094801,1678495131990,false
7246243,0.1530000,5907,17094802,17094810,1678495133434,true
7246244,0.1529000,197,17094811,17094811,1678495133457,true
7246245,0.1529000,260,17094812,17094812,1678495133757,true
7246246,0.1530000,324,17094813,17094813,1678495135041,false
7246247,0.1529000,829,17094814,17094814,1678495143855,true
7246248,0.1530000,1977,17094815,17094818,1678495145311,false
7246249,0.1529000,5349,17094819,17094824,1678495146208,true
7246250,0.1528000,658,17094825,17094826,1678495146265,true
7246251,0.1529000,3442,17094827,17094828,1678495146284,false
7246252,0.1529000,198,17094829,17094830,1678495146294,true
7246253,0.1529000,1158,17094831,17094833,1678495146487,true
7246254,0.1529000,9832,17094834,17094836,1678495147299,true
7246255,0.1529000,298,17094837,17094837,1678495148289,true
7246256,0.1529000,4523,17094838,17094838,1678495150359,true
7246257,0.1529000,275,17094839,17094839,1678495151941,true
7246258,0.1529000,793,17094840,17094840,1678495153898,true
7246259,0.1529000,243,17094841,17094841,1678495155352,true
7246260,0.1529000,9827,17094842,17094847,1678495159179,true
7246261,0.1530000,1637,17094848,17094849,1678495166927,false
7246262,0.1529000,1469,17094850,17094853,1678495167557,true
7246263,0.1530000,10952,17094854,17094861,1678495167589,false
7246264,0.1529000,407,17094862,17094865,1678495167613,true
7246265,0.1529000,4985,17094866,17094869,1678495167989,true
7246266,0.1529000,4640,17094870,17094873,1678495168099,true
7246267,0.1528000,4410,17094874,17094882,1678495168128,true
7246268,0.1528000,298,17094883,17094884,1678495168880,true
7246269,0.1528000,197,17094885,17094885,1678495181220,true
7246270,0.1528000,2622,17094886,17094886,1678495181380,true
7246271,0.1528000,591,17094887,17094887,1678495182207,true
7246272,0.1528000,2178,17094888,17094888,1678495184794,true
7246273,0.1528000,218,17094889,17094889,1678495185604,true
7246274,0.1529000,839,17094890,17094891,1678495186919,false
7246275,0.1529000,15032,17094892,17094897,1678495188575,false
7246276,0.1529000,2138,17094898,17094901,1678495188864,true
7246277,0.1530000,2654,17094902,17094904,1678495190101,false
7246278,0.1530000,3291,17094905,17094908,1678495190447,true
7246279,0.1530000,79,17094909,17094909,1678495190583,true
7246280,0.1530000,1056,17094910,17094913,1678495190814,true
7246281,0.1531000,68,17094914,17094914,1678495193438,false
7246282,0.1531000,2105,17094915,17094919,1678495193597,false
7246283,0.1531000,985,17094920,17094920,1678495193756,true
7246284,0.1532000,2833,17094921,17094925,1678495202230,false
7246285,0.1532000,282,17094926,17094927,1678495202431,true
7246286,0.1531000,1323,17094928,17094929,1678495202452,true
7246287,0.1531000,2193,17094930,17094931,1678495202662,true
7246288,0.1532000,671,17094932,17094932,1678495202809,false
7246289,0.1531000,106,17094933,17094933,1678495203001,true
7246290,0.1532000,486,17094934,17094934,1678495203391,false
7246291,0.1532000,1293,17094935,17094938,1678495203413,true
7246292,0.1532000,1235,17094939,17094942,1678495203758,true
7246293,0.1532000,1000,17094943,17094944,1678495203870,true
7246294,0.1531000,3319,17094945,17094949,1678495203889,true
7246295,0.1532000,486,17094950,17094950,1678495204555,false
7246296,0.1533000,245,17094951,17094951,1678495204555,false
7246297,0.1532000,1366,17094952,17094956,1678495204644,true
7246298,0.1532000,3690,17094957,17094962,1678495204994,true
7246299,0.1533000,12767,17094963,17094967,1678495205154,false
7246300,0.1532000,1659,17094968,17094969,1678495205177,true
7246301,0.1533000,1421,17094970,17094971,1678495205243,false
7246302,0.1533000,1116,17094972,17094973,1678495205889,false
7246303,0.1533000,1454,17094974,17094975,1678495209803,true
7246304,0.1532000,959,17094976,17094977,1678495210854,true
7246305,0.1531000,262,17094978,17094978,1678495210990,true
7246306,0.1532000,1553,17094979,17094982,1678495211994,false
7246307,0.1533000,11472,17094983,17094988,1678495213654,false
7246308,0.1533000,197,17094989,17094989,1678495213748,true
7246309,0.1533000,457,17094990,17094990,1678495213925,true
7246310,0.1533000,9781,17094991,17094994,1678495214259,true
7246311,0.1534000,21227,17094995,17095006,1678495214361,false
7246312,0.1534000,4090,17095007,17095009,1678495214377,true
7246313,0.1533000,1363,17095010,17095011,1678495214477,true
7246314,0.1533000,154,17095012,17095012,1678495214719,true
7246315,0.1533000,52,17095013,17095013,1678495215967,true
7246316,0.1533000,5505,17095014,17095018,1678495216093,false
7246317,0.1532000,463,17095019,17095019,1678495216182,true
7246318,0.1532000,2810,17095020,17095022,1678495219344,true
7246319,0.1532000,867,17095023,17095023,1678495219531,true
7246320,0.1533000,4458,17095024,17095029,1678495221145,false
7246321,0.1534000,864,17095030,17095031,1678495222774,false
7246322,0.1534000,1036,17095032,17095034,1678495223938,false
7246323,0.1533000,6785,17095035,17095042,1678495227681,true
7246324,0.1532000,1524,17095043,17095045,1678495229477,true
7246325,0.1532000,5848,17095046,17095054,1678495229956,true
7246326,0.1532000,7263,17095055,17095063,1678495230057,true
7246327,0.1532000,3959,17095064,17095069,1678495230199,true
7246328,0.1532000,600,17095070,17095070,1678495231181,true
7246329,0.1532000,441,17095071,17095071,1678495232044,true
7246330,0.1533000,803,17095072,17095072,1678495236839,false
7246331,0.1533000,13188,17095073,17095078,1678495250470,false
7246332,0.1533000,158,17095079,17095080,1678495250500,true
7246333,0.1533000,158,17095081,17095082,1678495250712,true
7246334,0.1534000,22548,17095083,17095096,1678495250721,false
7246335,0.1533000,10431,17095097,17095111,1678495250741,true
7246336,0.1533000,488,17095112,17095113,1678495250974,true
7246337,0.1533000,279,17095114,17095114,1678495251103,true
7246338,0.1533000,1264,17095115,17095117,1678495251780,true
7246339,0.1533000,814,17095118,17095118,1678495252013,true
7246340,0.1532000,162,17095119,17095119,1678495252042,true
7246341,0.1532000,1323,17095120,17095120,1678495253306,true
7246342,0.1532000,1324,17095121,17095121,1678495255246,true
7246343,0.1532000,76,17095122,17095122,1678495263300,true
7246344,0.1532000,294,17095123,17095123,1678495267559,true
7246345,0.1532000,6565,17095124,17095125,1678495272618,true
7246346,0.1531000,1323,17095126,17095127,1678495272667,true
7246347,0.1532000,12984,17095128,17095135,1678495272709,false
7246348,0.1532000,2740,17095136,17095138,1678495272804,true
7246349,0.1532000,2769,17095139,17095141,1678495272916,true
7246350,0.1532000,6420,17095142,17095144,1678495273029,true
7246351,0.1531000,74,17095145,17095145,1678495274404,true
7246352,0.1531000,1467,17095146,17095149,1678495275357,true
7246353,0.1530000,415,17095150,17095150,1678495275619,true
7246354,0.1529000,2949,17095151,17095153,1678495275662,true
7246355,0.1529000,293,17095154,17095155,1678495276717,true
7246356,0.1529000,8986,17095156,17095162,1678495281360,true
7246357,0.1528000,1325,17095163,17095166,1678495281420,true
7246358,0.1528000,2379,17095167,17095167,1678495281545,true
7246359,0.1528000,591,17095168,17095168,1678495281699,true
7246360,0.1528000,6094,17095169,17095171,1678495281823,true
7246361,0.1528000,74,17095172,17095172,1678495283515,true
7246362,0.1529000,224,17095173,17095173,1678495284327,false
7246363,0.1528000,4303,17095174,17095177,1678495286389,true
7246364,0.1528000,197,17095178,17095178,1678495286967,true
7246365,0.1528000,5510,17095179,17095180,1678495287563,true
7246366,0.1528000,93,17095181,17095181,1678495288316,false
7246367,0.1527000,293,17095182,17095183,1678495289798,true
7246368,0.1528000,559,17095184,17095184,1678495290327,false
7246369,0.1527000,74,17095185,17095185,1678495291704,true
7246370,0.1527000,1279,17095186,17095186,1678495291941,true
7246371,0.1527000,2006,17095187,17095193,1678495296609,true
7246372,0.1527000,7350,17095194,17095200,1678495296729,true
7246373,0.1527000,1679,17095201,17095203,1678495296843,true
7246374,0.1527000,3282,17095204,17095208,1678495297123,true
7246375,0.1527000,1389,17095209,17095209,1678495297246,true
7246376,0.1526000,3127,17095210,17095215,1678495297248,true
7246377,0.1526000,1182,17095216,17095217,1678495297464,true
7246378,0.1526000,985,17095218,17095219,1678495299444,true
7246379,0.1526000,293,17095220,17095220,1678495299892,true
7246380,0.1526000,356,17095221,17095223,1678495300877,true
7246381,0.1527000,3527,17095224,17095229,1678495302210,false
7246382,0.1528000,10238,17095230,17095239,1678495308285,false
7246383,0.1528000,59,17095240,17095240,1678495308505,false
7246384,0.1528000,86,17095241,17095241,1678495308735,true
7246385,0.1528000,906,17095242,17095244,1678495308895,true
7246386,0.1528000,450,17095245,17095249,1678495309001,true
7246387,0.1528000,8173,17095250,17095265,1678495309160,true
7246388,0.1528000,3579,17095266,17095270,1678495309264,true
7246389,0.1527000,10906,17095271,17095288,1678495309287,true
7246390,0.1527000,564,17095289,17095289,1678495309397,true
7246391,0.1527000,132,17095290,17095290,1678495309880,true
7246392,0.1527000,293,17095291,17095291,1678495310985,true
7246393,0.1527000,74,17095292,17095292,1678495314018,true
7246394,0.1528000,2063,17095293,17095297,1678495314287,false
7246395,0.1528000,3110,17095298,17095301,1678495314321,true
7246396,0.1527000,989,17095302,17095302,1678495314366,true
7246397,0.1527000,6429,17095303,17095308,1678495316235,true
7246398,0.1527000,411,17095309,17095309,1678495316433,true
7246399,0.1527000,102,17095310,17095310,1678495318242,false
7246400,0.1527000,2198,17095311,17095313,1678495319944,false
7246401,0.1527000,1312,17095314,17095315,1678495319991,true
7246402,0.1527000,989,17095316,17095317,1678495320327,false
7246403,0.1528000,18084,17095318,17095320,1678495321464,false
7246404,0.1528000,17371,17095321,17095321,1678495322601,false
7246405,0.1528000,1907,17095322,17095323,1678495322743,false
7246406,0.1528000,1909,17095324,17095324,1678495323436,false
7246407,0.1528000,1931,17095325,17095325,1678495323788,false
7246408,0.1527000,293,17095326,17095326,1678495325065,true
7246409,0.1527000,74,17095327,17095327,1678495327121,true
7246410,0.1527000,1471,17095328,17095332,1678495334426,true
7246411,0.1527000,12866,17095333,17095338,1678495334623,true
7246412,0.1526000,158,17095339,17095340,1678495334624,true
7246413,0.1526000,293,17095341,17095341,1678495335159,true
7246414,0.1526000,54,17095342,17095342,1678495337455,true
7246415,0.1527000,295,17095343,17095343,1678495342201,false
7246416,0.1527000,119,17095344,17095345,1678495344324,false
7246417,0.1526000,1733,17095346,17095346,1678495347306,true
7246418,0.1526000,1471,17095347,17095350,1678495354537,true
7246419,0.1527000,10026,17095351,17095359,1678495354607,false
7246420,0.1527000,8536,17095360,17095364,1678495354619,true
7246421,0.1526000,6837,17095365,17095370,1678495354742,true
7246422,0.1525000,1468,17095371,17095375,1678495354829,true
7246423,0.1526000,4315,17095376,17095379,1678495354868,false
7246424,0.1526000,4241,17095380,17095384,1678495354902,true
7246425,0.1526000,9898,17095385,17095388,1678495355228,true
7246426,0.1526000,2267,17095389,17095391,1678495357610,true
7246427,0.1526000,81,17095392,17095392,1678495358365,false
7246428,0.1525000,2704,17095393,17095400,1678495359734,true
7246429,0.1525000,13178,17095401,17095406,1678495372589,true
7246430,0.1524000,1315,17095407,17095408,1678495372626,true
7246431,0.1525000,204,17095409,17095409,1678495374236,false
7246432,0.1525000,221,17095410,17095410,1678495378279,false
7246433,0.1525000,221,17095411,17095411,1678495380266,false
7246434,0.1525000,826,17095412,17095413,1678495382748,false
7246435,0.1524000,1789,17095414,17095419,1678495384742,true
7246436,0.1524000,802,17095420,17095425,1678495384870,true
7246437,0.1524000,1302,17095426,17095426,1678495384989,true
7246438,0.1524000,738,17095427,17095429,1678495385154,true
7246439,0.1524000,394,17095430,17095430,1678495385530,true
7246440,0.1525000,54,17095431,17095431,1678495386446,false
7246441,0.1524000,1641,17095432,17095433,1678495387004,true
7246442,0.1525000,102,17095434,17095434,1678495388370,false
7246443,0.1525000,6449,17095435,17095441,1678495392743,false
7246444,0.1525000,1353,17095442,17095444,1678495392747,true
7246445,0.1525000,3268,17095445,17095447,1678495392864,true
7246446,0.1525000,6839,17095448,17095453,1678495392981,true
7246447,0.1525000,4629,17095454,17095457,1678495393085,true
7246448,0.1524000,8147,17095458,17095463,1678495393126,true
7246449,0.1524000,4227,17095464,17095468,1678495393293,true
7246450,0.1525000,662,17095469,17095471,1678495393331,false
7246451,0.1525000,1890,17095472,17095473,1678495393335,true
7246452,0.1525000,83,17095474,17095474,1678495394929,true
7246453,0.1525000,651,17095475,17095475,1678495410644,true
7246454,0.1526000,38741,17095476,17095488,1678495413622,false
7246455,0.1525000,1315,17095489,17095490,1678495413876,true
7246456,0.1525000,3904,17095491,17095493,1678495417665,true
7246457,0.1524000,79,17095494,17095494,1678495417685,true
7246458,0.1525000,5861,17095495,17095498,1678495417700,false
7246459,0.1525000,355,17095499,17095501,1678495417714,true
7246460,0.1525000,1480,17095502,17095504,1678495417876,true
7246461,0.1525000,1100,17095505,17095508,1678495418204,true
7246462,0.1525000,1054,17095509,17095512,1678495418323,true
7246463,0.1525000,10027,17095513,17095517,1678495418697,true
7246464,0.1525000,1377,17095518,17095520,1678495418865,true
7246465,0.1524000,468,17095521,17095522,1678495418957,true
7246466,0.1524000,1377,17095523,17095523,1678495419060,true
7246467,0.1524000,197,17095524,17095524,1678495423939,true
7246468,0.1524000,4880,17095525,17095526,1678495424078,true
7246469,0.1524000,985,17095527,17095527,1678495426725,true
7246470,0.1524000,1789,17095528,17095530,1678495427039,true
7246471,0.1524000,102,17095531,17095531,1678495434320,false
7246472,0.1524000,617,17095532,17095533,1678495435059,false
7246473,0.1525000,1631,17095534,17095537,1678495442592,false
7246474,0.1524000,1315,17095538,17095539,1678495442678,true
7246475,0.1524000,985,17095540,17095541,1678495442796,true
7246476,0.1524000,76,17095542,17095542,1678495442936,true
7246477,0.1525000,666,17095543,17095543,1678495442960,false
7246478,0.1525000,2163,17095544,17095548,1678495443428,false
7246479,0.1525000,6494,17095549,17095555,1678495443547,true
7246480,0.1524000,4519,17095556,17095559,1678495443555,true
7246481,0.1524000,985,17095560,17095563,1678495443712,true
7246482,0.1524000,1829,17095564,17095570,1678495443834,true
7246483,0.1524000,559,17095571,17095572,1678495443978,true
7246484,0.1524000,394,17095573,17095574,1678495444198,true
7246485,0.1524000,9851,17095575,17095581,1678495444890,true
7246486,0.1524000,197,17095582,17095582,1678495445104,true
7246487,0.1524000,197,17095583,17095583,1678495445586,true
7246488,0.1524000,197,17095584,17095584,1678495446104,true
7246489,0.1525000,19451,17095585,17095596,1678495447704,false
7246490,0.1525000,946,17095597,17095598,1678495447739,true
7246491,0.1526000,23947,17095599,17095601,1678495448863,false
7246492,0.1526000,37292,17095602,17095606,1678495449345,false
7246493,0.1526000,2846,17095607,17095610,1678495449450,false
7246494,0.1527000,9827,17095611,17095621,1678495449455,false
7246495,0.1527000,7942,17095622,17095623,1678495450961,false
7246496,0.1527000,6091,17095624,17095626,1678495455834,true
7246497,0.1527000,6751,17095627,17095630,1678495456588,true
7246498,0.1526000,6871,17095631,17095636,1678495471790,true
7246499,0.1525000,79,17095637,17095637,1678495471792,true
7246500,0.1526000,11077,17095638,17095642,1678495471836,false
7246501,0.1525000,4726,17095643,17095645,1678495471839,true
7246502,0.1525000,1097,17095646,17095647,1678495472046,true
7246503,0.1525000,11397,17095648,17095655,1678495473894,true
7246504,0.1524000,4875,17095656,17095659,1678495473941,true
7246505,0.1523000,2690,17095660,17095663,1678495473951,true
7246506,0.1523000,200,17095664,17095665,1678495474672,true
7246507,0.1523000,2525,17095666,17095666,1678495475474,true
7246508,0.1524000,95,17095667,17095667,1678495478231,false
7246509,0.1523000,357,17095668,17095668,1678495479588,true
7246510,0.1523000,353,17095669,17095669,1678495488690,true
7246511,0.1523000,504,17095670,17095671,1678495489485,true
7246512,0.1523000,13571,17095672,17095683,1678495494593,true
7246513,0.1523000,11845,17095684,17095687,1678495494666,false
7246514,0.1523000,2661,17095688,17095692,1678495494709,true
7246515,0.1523000,394,17095693,17095693,1678495494910,true
7246516,0.1523000,1190,17095694,17095698,1678495495014,true
7246517,0.1523000,2899,17095699,17095702,1678495495178,true
7246518,0.1523000,8536,17095703,17095710,1678495495295,true
7246519,0.1522000,1542,17095711,17095715,1678495495342,true
7246520,0.1522000,658,17095716,17095716,1678495495483,true
7246521,0.1522000,985,17095717,17095718,1678495497227,true
7246522,0.1522000,985,17095719,17095719,1678495497329,true
7246523,0.1522000,788,17095720,17095721,1678495497430,true
7246524,0.1522000,857,17095722,17095723,1678495497491,false
7246525,0.1522000,591,17095724,17095724,1678495497530,true
7246526,0.1523000,197,17095725,17095725,1678495498251,false
7246527,0.1522000,353,17095726,17095726,1678495498792,true
7246528,0.1523000,197,17095727,17095728,1678495500241,false
7246529,0.1523000,1149,17095729,17095731,1678495502598,false
7246530,0.1523000,1551,17095732,17095733,1678495503354,false
7246531,0.1524000,213,17095734,17095734,1678495503354,false
7246532,0.1523000,683,17095735,17095736,1678495503458,true
7246533,0.1523000,747,17095737,17095738,1678495503565,true
7246534,0.1522000,108,17095739,17095739,1678495503641,true
7246535,0.1523000,1558,17095740,17095742,1678495504161,false
7246536,0.1524000,1955,17095743,17095745,1678495504161,false
7246537,0.1523000,683,17095746,17095748,1678495504285,true
7246538,0.1523000,819,17095749,17095749,1678495504657,true
7246539,0.1522000,1672,17095750,17095753,1678495504660,true
7246540,0.1522000,819,17095754,17095754,1678495504872,true
7246541,0.1523000,102,17095755,17095755,1678495508298,false
7246542,0.1522000,2195,17095756,17095758,1678495509699,true
7246543,0.1522000,944,17095759,17095761,1678495510926,true
7246544,0.1522000,985,17095762,17095762,1678495511078,true
7246545,0.1522000,985,17095763,17095763,1678495511265,true
7246546,0.1522000,1042,17095764,17095766,1678495511382,true
7246547,0.1522000,591,17095767,17095768,1678495511555,true
7246548,0.1522000,197,17095769,17095769,1678495511716,true
7246549,0.1522000,985,17095770,17095770,1678495512954,true
7246550,0.1522000,985,17095771,17095771,1678495513055,true
7246551,0.1522000,1576,17095772,17095775,1678495513157,true
7246552,0.1522000,1513,17095776,17095779,1678495513356,true
7246553,0.1522000,197,17095780,17095780,1678495513560,true
7246554,0.1522000,197,17095781,17095781,1678495513862,true
7246555,0.1522000,10946,17095782,17095785,1678495514758,true
7246556,0.1522000,12578,17095786,17095791,1678495514861,true
7246557,0.1521000,3302,17095792,17095796,1678495514942,true
7246558,0.1521000,655,17095797,17095798,1678495515060,true
7246559,0.1521000,1880,17095799,17095802,1678495516275,false
7246560,0.1521000,2384,17095803,17095806,1678495516415,true
7246561,0.1521000,591,17095807,17095808,1678495516597,true
7246562,0.1521000,394,17095809,17095809,1678495516918,true
7246563,0.1521000,579,17095810,17095812,1678495517030,true
7246564,0.1521000,2407,17095813,17095817,1678495517142,true
7246565,0.1521000,173,17095818,17095818,1678495517365,true
7246566,0.1521000,4831,17095819,17095826,1678495517569,true
7246567,0.1520000,5435,17095827,17095833,1678495517632,true
7246568,0.1520000,3226,17095834,17095837,1678495517779,true
7246569,0.1521000,1641,17095838,17095840,1678495518072,false
7246570,0.1520000,353,17095841,17095841,1678495520074,true
7246571,0.1521000,209,17095842,17095842,1678495520330,false
7246572,0.1520000,209,17095843,17095843,1678495522065,true
7246573,0.1521000,906,17095844,17095845,1678495522773,false
7246574,0.1522000,371,17095846,17095846,1678495522773,false
7246575,0.1521000,1366,17095847,17095849,1678495522794,true
7246576,0.1521000,970,17095850,17095853,1678495523100,true
7246577,0.1521000,394,17095854,17095855,1678495523293,true
7246578,0.1521000,1379,17095856,17095858,1678495523494,true
7246579,0.1521000,770,17095859,17095859,1678495524267,false
7246580,0.1520000,394,17095860,17095860,1678495524402,true
7246581,0.1520000,637,17095861,17095863,1678495525006,true
7246582,0.1520000,197,17095864,17095864,1678495525207,true
7246583,0.1520000,197,17095865,17095865,1678495526395,true
7246584,0.1520000,197,17095866,17095866,1678495526800,true
7246585,0.1520000,985,17095867,17095867,1678495526901,true
7246586,0.1520000,353,17095868,17095868,1678495528198,true
7246587,0.1521000,676,17095869,17095870,1678495528301,false
7246588,0.1521000,1532,17095871,17095872,1678495529565,false
7246589,0.1521000,658,17095873,17095875,1678495530297,false
7246590,0.1520000,394,17095876,17095876,1678495530527,true
7246591,0.1520000,985,17095877,17095879,1678495530831,true
7246592,0.1520000,788,17095880,17095881,1678495530932,true
7246593,0.1520000,394,17095882,17095884,1678495531133,true
7246594,0.1521000,1532,17095885,17095885,1678495532050,false
7246595,0.1522000,4321,17095886,17095889,1678495532050,false
7246596,0.1521000,985,17095890,17095891,1678495532607,true
7246597,0.1521000,985,17095892,17095892,1678495532772,true
7246598,0.1522000,1912,17095893,17095894,1678495532807,false
7246599,0.1521000,985,17095895,17095895,1678495533073,true
7246600,0.1521000,2478,17095896,17095900,1678495533259,true
7246601,0.1521000,197,17095901,17095901,1678495533424,true
7246602,0.1521000,197,17095902,17095902,1678495533669,true
7246603,0.1521000,197,17095903,17095903,1678495533845,true
7246604,0.1522000,6609,17095904,17095905,1678495534537,false
7246605,0.1522000,101,17095906,17095906,1678495534667,false
7246606,0.1522000,985,17095907,17095907,1678495534691,true
7246607,0.1522000,985,17095908,17095908,1678495535373,true
7246608,0.1522000,353,17095909,17095909,1678495535631,true
7246609,0.1522000,985,17095910,17095910,1678495535811,true
7246610,0.1522000,788,17095911,17095911,1678495535996,true
7246611,0.1522000,394,17095912,17095912,1678495536297,true
7246612,0.1523000,2177,17095913,17095917,1678495538256,false
7246613,0.1523000,1413,17095918,17095918,1678495539645,false
7246614,0.1523000,216,17095919,17095919,1678495542302,false
7246615,0.1523000,10867,17095920,17095925,1678495545901,false
7246616,0.1523000,368,17095926,17095927,1678495545912,true
7246617,0.1523000,2881,17095928,17095932,1678495546018,true
7246618,0.1523000,229,17095933,17095933,1678495546173,true
7246619,0.1523000,177,17095934,17095934,1678495546327,true
7246620,0.1523000,107,17095935,17095935,1678495546456,true
7246621,0.1523000,86,17095936,17095936,1678495547165,true
7246622,0.1524000,166,17095937,17095937,1678495550304,false
7246623,0.1524000,2527,17095938,17095940,1678495551664,false
7246624,0.1524000,980,17095941,17095941,1678495551770,true
7246625,0.1524000,525,17095942,17095942,1678495552172,true
7246626,0.1524000,8642,17095943,17095949,1678495552284,true
7246627,0.1524000,963,17095950,17095951,1678495552385,true
7246628,0.1524000,240,17095952,17095952,1678495552535,true
7246629,0.1525000,20143,17095953,17095961,1678495553096,false
7246630,0.1526000,5124,17095962,17095964,1678495553103,false
7246631,0.1526000,2427,17095965,17095968,1678495553142,true
