agg_trade_id,price,quantity,first_trade_id,last_trade_id,transact_time,is_buyer_maker
7270966,0.1454000,87,17154427,17154427,1678579200377,false
7270967,0.1454000,136,17154428,17154428,1678579204013,false
7270968,0.1453000,797,17154429,17154430,1678579204213,true
7270969,0.1454000,55,17154431,17154431,1678579204262,false
7270970,0.1453000,127,17154432,17154432,1678579204271,true
7270971,0.1454000,2963,17154433,17154435,1678579204277,false
7270972,0.1454000,74,17154436,17154436,1678579204735,false
7270973,0.1454000,71,17154437,17154437,1678579205784,false
7270974,0.1454000,1827,17154438,17154439,1678579206262,false
7270975,0.1453000,5172,17154440,17154443,1678579206266,true
7270976,0.1454000,2719,17154444,17154445,1678579206280,false
7270977,0.1454000,1209,17154446,17154446,1678579206718,false
7270978,0.1454000,907,17154447,17154447,1678579207374,false
7270979,0.1454000,1156,17154448,17154449,1678579207581,false
7270980,0.1454000,2753,17154450,17154450,1678579207897,false
7270981,0.1454000,2824,17154451,17154454,1678579208587,true
7270982,0.1455000,245,17154455,17154455,1678579209144,false
7270983,0.1455000,1439,17154456,17154457,1678579210713,false
7270984,0.1455000,1701,17154458,17154459,1678579212986,false
7270985,0.1455000,1718,17154460,17154462,1678579213803,false
7270986,0.1455000,130,17154463,17154463,1678579214535,false
7270987,0.1454000,614,17154464,17154464,1678579216168,true
7270988,0.1455000,2437,17154465,17154466,1678579216885,false
7270989,0.1456000,1881,17154467,17154469,1678579216961,false
7270990,0.1456000,72,17154470,17154470,1678579218174,false
7270991,0.1455000,879,17154471,17154472,1678579218562,true
7270992,0.1456000,5373,17154473,17154478,1678579218576,false
7270993,0.1457000,136,17154479,17154479,1678579218688,false
7270994,0.1457000,673,17154480,17154480,1678579219917,false
7270995,0.1457000,3877,17154481,17154484,1678579220876,false
7270996,0.1457000,304,17154485,17154485,1678579221128,false
7270997,0.1457000,1145,17154486,17154487,1678579223701,false
7270998,0.1457000,72,17154488,17154488,1678579225341,false
7270999,0.1456000,747,17154489,17154490,1678579225704,true
7271000,0.1457000,55,17154491,17154491,1678579225875,false
7271001,0.1457000,106,17154492,17154492,1678579226263,false
7271002,0.1457000,130,17154493,17154494,1678579226676,false
7271003,0.1457000,897,17154495,17154495,1678579226794,false
7271004,0.1457000,136,17154496,17154496,1678579227028,false
7271005,0.1457000,71,17154497,17154497,1678579228048,false
7271006,0.1456000,1666,17154498,17154498,1678579229593,true
7271007,0.1457000,72,17154499,17154499,1678579232499,false
7271008,0.1457000,130,17154500,17154500,1678579236861,false
7271009,0.1457000,136,17154501,17154501,1678579237142,false
7271010,0.1457000,4129,17154502,17154505,1678579238378,false
7271011,0.1456000,697,17154506,17154506,1678579238547,true
7271012,0.1457000,106,17154507,17154507,1678579239436,false
7271013,0.1457000,970,17154508,17154508,1678579241092,false
7271014,0.1457000,71,17154509,17154509,1678579241233,false
7271015,0.1456000,7509,17154510,17154512,1678579242099,true
7271016,0.1457000,72,17154513,17154513,1678579242673,false
7271017,0.1456000,9223,17154514,17154516,1678579245106,true
7271018,0.1457000,1185,17154517,17154518,1678579245752,false
7271019,0.1457000,136,17154519,17154519,1678579246264,false
7271020,0.1457000,106,17154520,17154520,1678579247592,false
7271021,0.1457000,130,17154521,17154521,1678579250971,false
7271022,0.1457000,146,17154522,17154522,1678579251624,false
7271023,0.1456000,1752,17154523,17154523,1678579253715,true
7271024,0.1456000,893,17154524,17154524,1678579254957,true
7271025,0.1457000,71,17154525,17154525,1678579255427,false
7271026,0.1457000,72,17154526,17154526,1678579256770,false
7271027,0.1457000,130,17154527,17154527,1678579258092,false
7271028,0.1457000,248,17154528,17154530,1678579260719,false
7271029,0.1457000,72,17154531,17154531,1678579263955,false
7271030,0.1457000,2307,17154532,17154534,1678579266060,false
7271031,0.1457000,1999,17154535,17154536,1678579267213,false
7271032,0.1457000,1276,17154537,17154538,1678579268785,false
7271033,0.1457000,130,17154539,17154539,1678579270267,false
7271034,0.1457000,1591,17154540,17154542,1678579270832,false
7271035,0.1457000,142,17154543,17154543,1678579274897,false
7271036,0.1456000,698,17154544,17154545,1678579279724,true
7271037,0.1457000,312,17154546,17154546,1678579281024,false
7271038,0.1457000,106,17154547,17154547,1678579283998,false
7271039,0.1457000,142,17154548,17154548,1678579285030,false
7271040,0.1457000,721,17154549,17154549,1678579286928,false
7271041,0.1456000,862,17154550,17154550,1678579288960,true
7271042,0.1456000,1567,17154551,17154552,1678579293290,true
7271043,0.1457000,142,17154553,17154553,1678579295141,false
7271044,0.1456000,9385,17154554,17154557,1678579297405,true
7271045,0.1456000,11078,17154558,17154570,1678579297514,true
7271046,0.1457000,106,17154571,17154571,1678579298232,false
7271047,0.1456000,1063,17154572,17154572,1678579300191,true
7271048,0.1457000,142,17154573,17154573,1678579305306,false
7271049,0.1456000,3523,17154574,17154576,1678579308228,true
7271050,0.1456000,277,17154577,17154577,1678579315428,true
7271051,0.1457000,142,17154578,17154578,1678579316503,false
7271052,0.1456000,299,17154579,17154579,1678579322161,true
7271053,0.1456000,15516,17154580,17154590,1678579322982,true
7271054,0.1456000,3150,17154591,17154592,1678579323083,true
7271055,0.1456000,2764,17154593,17154593,1678579323118,false
7271056,0.1456000,2158,17154594,17154594,1678579323309,true
7271057,0.1456000,1238,17154595,17154595,1678579323422,true
7271058,0.1456000,2158,17154596,17154597,1678579323959,true
7271059,0.1455000,2871,17154598,17154601,1678579324355,true
7271060,0.1454000,319,17154602,17154602,1678579324365,true
7271061,0.1454000,5209,17154603,17154606,1678579324774,true
7271062,0.1453000,5422,17154607,17154610,1678579326514,true
7271063,0.1454000,818,17154611,17154612,1678579327843,false
7271064,0.1453000,5192,17154613,17154616,1678579327875,true
7271065,0.1452000,1836,17154617,17154619,1678579329292,true
7271066,0.1453000,11708,17154620,17154621,1678579330250,false
7271067,0.1452000,63,17154622,17154622,1678579334947,true
7271068,0.1452000,13054,17154623,17154627,1678579339818,true
7271069,0.1453000,308,17154628,17154628,1678579344558,false
7271070,0.1452000,3545,17154629,17154633,1678579347104,true
7271071,0.1451000,996,17154634,17154636,1678579347526,true
7271072,0.1452000,474,17154637,17154637,1678579350576,false
7271073,0.1451000,63,17154638,17154638,1678579354226,true
7271074,0.1451000,63,17154639,17154639,1678579361399,true
7271075,0.1451000,8986,17154640,17154643,1678579368819,true
7271076,0.1451000,7160,17154644,17154645,1678579368922,true
7271077,0.1450000,708,17154646,17154646,1678579368985,true
7271078,0.1451000,87,17154647,17154647,1678579369025,false
7271079,0.1450000,63,17154648,17154649,1678579369524,true
7271080,0.1450000,715,17154650,17154651,1678579371864,true
7271081,0.1450000,1437,17154652,17154654,1678579373652,true
7271082,0.1451000,210,17154655,17154655,1678579374572,false
7271083,0.1451000,58,17154656,17154656,1678579378670,false
7271084,0.1451000,87,17154657,17154657,1678579379295,false
7271085,0.1451000,105,17154658,17154658,1678579380589,false
7271086,0.1450000,3067,17154659,17154661,1678579380678,true
7271087,0.1450000,63,17154662,17154662,1678579382789,true
7271088,0.1451000,159,17154663,17154663,1678579383276,false
7271089,0.1450000,10249,17154664,17154666,1678579386373,true
7271090,0.1451000,87,17154667,17154667,1678579386392,false
7271091,0.1451000,87,17154668,17154669,1678579394639,false
7271092,0.1450000,63,17154670,17154670,1678579396041,true
7271093,0.1450000,828,17154671,17154671,1678579399577,true
7271094,0.1451000,87,17154672,17154672,1678579405754,false
7271095,0.1450000,6351,17154673,17154677,1678579408324,true
7271096,0.1450000,120,17154678,17154678,1678579408599,false
7271097,0.1449000,1378,17154679,17154680,1678579409613,true
7271098,0.1450000,3625,17154681,17154682,1678579410222,false
7271099,0.1449000,813,17154683,17154683,1678579410574,true
7271100,0.1450000,120,17154684,17154684,1678579410577,false
7271101,0.1449000,7668,17154685,17154686,1678579413757,true
7271102,0.1450000,87,17154687,17154688,1678579416876,false
7271103,0.1449000,920,17154689,17154689,1678579416897,true
7271104,0.1449000,756,17154690,17154690,1678579421110,true
7271105,0.1450000,87,17154691,17154691,1678579429038,false
7271106,0.1449000,1004,17154692,17154692,1678579429904,true
7271107,0.1450000,120,17154693,17154693,1678579434631,false
7271108,0.1449000,3851,17154694,17154695,1678579439013,true
7271109,0.1449000,85,17154696,17154696,1678579440354,true
7271110,0.1449000,4808,17154697,17154698,1678579442621,true
7271111,0.1450000,833,17154699,17154699,1678579443326,false
7271112,0.1450000,3493,17154700,17154700,1678579449558,false
7271113,0.1450000,5676,17154701,17154701,1678579456909,false
7271114,0.1449000,12446,17154702,17154717,1678579459560,true
7271115,0.1449000,119,17154718,17154718,1678579464575,false
7271116,0.1449000,119,17154719,17154719,1678579468539,false
7271117,0.1449000,119,17154720,17154720,1678579470620,false
7271118,0.1449000,292,17154721,17154721,1678579473901,false
7271119,0.1449000,19247,17154722,17154727,1678579477213,false
7271120,0.1449000,20574,17154728,17154735,1678579477322,false
7271121,0.1450000,5410,17154736,17154738,1678579486098,false
7271122,0.1451000,1015,17154739,17154739,1678579486098,false
7271123,0.1451000,2165,17154740,17154741,1678579488160,false
7271124,0.1452000,10900,17154742,17154748,1678579489322,false
7271125,0.1452000,4892,17154749,17154752,1678579491646,true
7271126,0.1452000,2147,17154753,17154753,1678579497583,true
7271127,0.1453000,11825,17154754,17154761,1678579499155,false
7271128,0.1453000,3150,17154762,17154766,1678579499465,false
7271129,0.1452000,85,17154767,17154767,1678579500919,true
7271130,0.1452000,2116,17154768,17154768,1678579502479,true
7271131,0.1453000,473,17154769,17154770,1678579508730,false
7271132,0.1453000,1027,17154771,17154772,1678579509202,false
7271133,0.1453000,5264,17154773,17154775,1678579517759,true
7271134,0.1453000,484,17154776,17154776,1678579520438,true
7271135,0.1453000,1821,17154777,17154781,1678579521006,false
7271136,0.1453000,37,17154782,17154782,1678579521393,false
7271137,0.1453000,1902,17154783,17154785,1678579522133,true
7271138,0.1454000,994,17154786,17154786,1678579522147,false
7271139,0.1453000,348,17154787,17154787,1678579522223,true
7271140,0.1453000,1327,17154788,17154789,1678579522875,false
7271141,0.1453000,11331,17154790,17154795,1678579537189,false
7271142,0.1453000,4840,17154796,17154798,1678579550068,true
7271143,0.1452000,1188,17154799,17154800,1678579553534,true
7271144,0.1452000,1650,17154801,17154801,1678579556644,true
7271145,0.1452000,806,17154802,17154803,1678579557529,true
7271146,0.1452000,1355,17154804,17154806,1678579558115,true
7271147,0.1452000,1022,17154807,17154807,1678579558973,true
7271148,0.1452000,1515,17154808,17154809,1678579559811,true
7271149,0.1452000,13683,17154810,17154818,1678579562897,false
7271150,0.1453000,1813,17154819,17154820,1678579563935,false
7271151,0.1454000,2000,17154821,17154821,1678579567111,false
7271152,0.1453000,920,17154822,17154823,1678579567520,true
7271153,0.1453000,1648,17154824,17154826,1678579568570,true
7271154,0.1453000,1691,17154827,17154828,1678579570648,true
7271155,0.1453000,1035,17154829,17154830,1678579571539,true
7271156,0.1453000,887,17154831,17154831,1678579586514,true
7271157,0.1453000,4630,17154832,17154835,1678579588952,false
7271158,0.1453000,3472,17154836,17154839,1678579594510,false
7271159,0.1454000,136,17154840,17154840,1678579596971,false
7271160,0.1454000,6692,17154841,17154845,1678579616830,false
7271161,0.1454000,3410,17154846,17154854,1678579616938,false
7271162,0.1454000,1596,17154855,17154864,1678579623896,false
7271163,0.1454000,1054,17154865,17154867,1678579629741,true
7271164,0.1455000,974,17154868,17154872,1678579631104,false
7271165,0.1454000,1901,17154873,17154874,1678579634239,true
7271166,0.1455000,133,17154875,17154875,1678579634961,false
7271167,0.1454000,3563,17154876,17154885,1678579637677,true
7271168,0.1454000,1657,17154886,17154887,1678579640680,false
7271169,0.1453000,1944,17154888,17154890,1678579649821,true
7271170,0.1454000,91,17154891,17154891,1678579650320,false
7271171,0.1454000,3609,17154892,17154892,1678579655397,false
7271172,0.1454000,89,17154893,17154893,1678579657533,false
7271173,0.1454000,513,17154894,17154896,1678579666303,false
7271174,0.1454000,89,17154897,17154897,1678579670639,false
7271175,0.1454000,7786,17154898,17154905,1678579673780,false
7271176,0.1455000,10441,17154906,17154912,1678579676491,false
7271177,0.1455000,4637,17154913,17154916,1678579679122,false
7271178,0.1456000,89,17154917,17154917,1678579680879,false
7271179,0.1456000,1791,17154918,17154919,1678579684762,false
7271180,0.1457000,3862,17154920,17154925,1678579684762,false
7271181,0.1458000,5567,17154926,17154929,1678579684762,false
7271182,0.1457000,1657,17154930,17154930,1678579684784,true
7271183,0.1457000,1611,17154931,17154933,1678579687283,false
7271184,0.1457000,1850,17154934,17154936,1678579687550,true
7271185,0.1458000,89,17154937,17154937,1678579688984,false
7271186,0.1458000,89,17154938,17154938,1678579698107,false
7271187,0.1457000,5866,17154939,17154948,1678579700343,true
7271188,0.1457000,2206,17154949,17154949,1678579702319,false
7271189,0.1456000,10169,17154950,17154957,1678579704604,true
7271190,0.1456000,89,17154958,17154958,1678579710283,false
7271191,0.1456000,488,17154959,17154959,1678579718995,false
7271192,0.1455000,925,17154960,17154963,1678579718995,true
7271193,0.1454000,879,17154964,17154964,1678579718995,true
7271194,0.1455000,160,17154965,17154965,1678579719043,false
7271195,0.1453000,9108,17154966,17154970,1678579725741,true
7271196,0.1453000,2415,17154971,17154979,1678579728846,false
7271197,0.1453000,503,17154980,17154982,1678579729016,false
7271198,0.1453000,305,17154983,17154985,1678579729151,false
7271199,0.1452000,2188,17154986,17154987,1678579730582,true
7271200,0.1452000,1188,17154988,17154991,1678579734619,true
7271201,0.1452000,933,17154992,17154993,1678579742658,false
7271202,0.1452000,846,17154994,17154994,1678579743679,false
7271203,0.1451000,893,17154995,17154996,1678579757966,true
7271204,0.1452000,246,17154997,17154997,1678579772798,false
7271205,0.1451000,2093,17154998,17155000,1678579777630,true
7271206,0.1451000,1110,17155001,17155003,1678579779037,true
7271207,0.1451000,242,17155004,17155004,1678579780926,false
7271208,0.1451000,233,17155005,17155007,1678579781375,false
7271209,0.1451000,237,17155008,17155009,1678579781494,false
7271210,0.1450000,208,17155010,17155011,1678579783273,true
7271211,0.1451000,302,17155012,17155012,1678579785363,false
7271212,0.1450000,2463,17155013,17155018,1678579789706,true
7271213,0.1451000,2628,17155019,17155019,1678579791866,false
7271214,0.1451000,242,17155020,17155020,1678579793117,false
7271215,0.1450000,224,17155021,17155021,1678579798978,true
7271216,0.1451000,242,17155022,17155022,1678579801320,false
7271217,0.1451000,1180,17155023,17155023,1678579803538,false
7271218,0.1450000,6169,17155024,17155030,1678579808354,true
7271219,0.1449000,4946,17155031,17155032,1678579808360,true
7271220,0.1450000,95,17155033,17155033,1678579808651,false
7271221,0.1450000,6869,17155034,17155037,1678579811351,false
7271222,0.1450000,242,17155038,17155038,1678579813575,false
7271223,0.1450000,690,17155039,17155039,1678579822437,false
7271224,0.1449000,1504,17155040,17155041,1678579822792,true
7271225,0.1450000,827,17155042,17155043,1678579822940,false
7271226,0.1450000,242,17155044,17155044,1678579826755,false
7271227,0.1449000,1447,17155045,17155046,1678579827857,true
7271228,0.1449000,3357,17155047,17155049,1678579828889,true
7271229,0.1448000,40,17155050,17155050,1678579828889,true
7271230,0.1450000,242,17155051,17155051,1678579833881,false
7271231,0.1450000,1449,17155052,17155052,1678579838867,false
7271232,0.1450000,840,17155053,17155054,1678579862855,false
7271233,0.1450000,817,17155055,17155056,1678579867331,false
7271234,0.1449000,1815,17155057,17155059,1678579883534,true
7271235,0.1449000,5542,17155060,17155062,1678579884354,true
7271236,0.1449000,166,17155063,17155064,1678579884448,false
7271237,0.1448000,1294,17155065,17155066,1678579896419,true
7271238,0.1448000,4005,17155067,17155072,1678579909083,true
7271239,0.1447000,2441,17155073,17155077,1678579909828,true
7271240,0.1446000,1726,17155078,17155082,1678579912364,true
7271241,0.1446000,2180,17155083,17155084,1678579912500,true
7271242,0.1445000,4720,17155085,17155088,1678579912500,true
7271243,0.1446000,332,17155089,17155092,1678579912523,false
7271244,0.1446000,1905,17155093,17155094,1678579922812,false
7271245,0.1446000,1190,17155095,17155095,1678579923734,false
7271246,0.1446000,1439,17155096,17155096,1678579924153,false
7271247,0.1446000,2251,17155097,17155103,1678579926504,false
7271248,0.1445000,774,17155104,17155104,1678579926585,true
7271249,0.1445000,2871,17155105,17155105,1678579927702,true
7271250,0.1445000,17463,17155106,17155118,1678579936048,true
7271251,0.1445000,1138,17155119,17155119,1678579936205,true
7271252,0.1444000,1031,17155120,17155121,1678579936207,true
7271253,0.1445000,166,17155122,17155123,1678579936224,false
7271254,0.1445000,960,17155124,17155128,1678579936385,false
7271255,0.1445000,2317,17155129,17155132,1678579936545,false
7271256,0.1444000,1007,17155133,17155135,1678579939014,true
7271257,0.1443000,2117,17155136,17155138,1678579959892,true
7271258,0.1443000,2746,17155139,17155142,1678579963893,true
7271259,0.1442000,3116,17155143,17155146,1678579968751,true
7271260,0.1442000,1629,17155147,17155148,1678579970529,true
7271261,0.1442000,10530,17155149,17155156,1678579972038,true
7271262,0.1442000,168,17155157,17155158,1678579972557,false
7271263,0.1441000,3768,17155159,17155164,1678579974713,true
7271264,0.1442000,1065,17155165,17155165,1678579982762,false
7271265,0.1442000,1546,17155166,17155167,1678579983368,false
7271266,0.1442000,690,17155168,17155168,1678579988002,false
7271267,0.1441000,1286,17155169,17155169,1678579997741,true
7271268,0.1441000,10674,17155170,17155178,1678580000040,true
7271269,0.1441000,84,17155179,17155179,1678580000206,false
7271270,0.1441000,168,17155180,17155181,1678580000310,false
7271271,0.1441000,265,17155182,17155183,1678580002388,false
7271272,0.1440000,2421,17155184,17155189,1678580004886,true
7271273,0.1440000,1603,17155190,17155192,1678580009203,true
7271274,0.1440000,2000,17155193,17155196,1678580011480,true
7271275,0.1440000,2000,17155197,17155198,1678580011602,true
7271276,0.1440000,14804,17155199,17155209,1678580017065,true
7271277,0.1440000,84,17155210,17155210,1678580017797,false
7271278,0.1440000,182,17155211,17155212,1678580018164,false
7271279,0.1440000,23284,17155213,17155213,1678580019401,false
7271280,0.1441000,28364,17155214,17155220,1678580019401,false
7271281,0.1441000,516,17155221,17155221,1678580019503,false
7271282,0.1440000,10474,17155222,17155229,1678580026946,true
7271283,0.1439000,12156,17155230,17155233,1678580026946,true
7271284,0.1440000,1995,17155234,17155236,1678580027866,false
7271285,0.1439000,87,17155237,17155237,1678580040432,true
7271286,0.1439000,12897,17155238,17155242,1678580040562,true
7271287,0.1439000,1655,17155243,17155243,1678580041475,true
7271288,0.1438000,2913,17155244,17155248,1678580042110,true
7271289,0.1437000,11024,17155249,17155251,1678580042110,true
7271290,0.1438000,168,17155252,17155253,1678580042507,false
7271291,0.1438000,926,17155254,17155255,1678580043255,false
7271292,0.1438000,3957,17155256,17155257,1678580047494,false
7271293,0.1438000,6337,17155258,17155263,1678580047687,false
7271294,0.1437000,1915,17155264,17155267,1678580056009,true
7271295,0.1437000,182,17155268,17155269,1678580056360,false
7271296,0.1436000,600,17155270,17155270,1678580056652,true
7271297,0.1437000,3597,17155271,17155272,1678580059638,false
7271298,0.1437000,287,17155273,17155273,1678580060568,false
7271299,0.1436000,6225,17155274,17155278,1678580060816,true
7271300,0.1437000,224,17155279,17155280,1678580066554,false
7271301,0.1436000,1995,17155281,17155281,1678580084521,true
7271302,0.1436000,1882,17155282,17155282,1678580085437,true
7271303,0.1437000,13927,17155283,17155283,1678580089002,false
7271304,0.1437000,168,17155284,17155285,1678580089801,false
7271305,0.1436000,152,17155286,17155286,1678580100585,true
7271306,0.1436000,792,17155287,17155287,1678580102704,true
7271307,0.1437000,908,17155288,17155288,1678580102982,false
7271308,0.1436000,792,17155289,17155289,1678580103427,true
7271309,0.1437000,1298,17155290,17155290,1678580104302,false
7271310,0.1437000,2046,17155291,17155291,1678580104612,false
7271311,0.1437000,1648,17155292,17155292,1678580106368,false
7271312,0.1437000,1723,17155293,17155293,1678580109241,false
7271313,0.1437000,168,17155294,17155295,1678580115194,false
7271314,0.1437000,168,17155296,17155297,1678580118738,false
7271315,0.1437000,75645,17155298,17155317,1678580119665,false
7271316,0.1438000,10518,17155318,17155324,1678580119721,false
7271317,0.1438000,27669,17155325,17155326,1678580122699,false
7271318,0.1438000,1072,17155327,17155327,1678580123217,false
7271319,0.1438000,1733,17155328,17155328,1678580124536,false
7271320,0.1438000,9737,17155329,17155329,1678580124946,false
7271321,0.1438000,2000,17155330,17155331,1678580127915,false
7271322,0.1438000,4000,17155332,17155332,1678580128041,false
7271323,0.1438000,12632,17155333,17155339,1678580131108,false
7271324,0.1437000,1342,17155340,17155341,1678580132371,true
7271325,0.1438000,37330,17155342,17155353,1678580137249,false
7271326,0.1438000,18970,17155354,17155358,1678580137353,false
7271327,0.1439000,15977,17155359,17155370,1678580137359,false
7271328,0.1440000,2852,17155371,17155376,1678580137371,false
7271329,0.1440000,456,17155377,17155377,1678580142645,false
7271330,0.1440000,4902,17155378,17155381,1678580143753,true
7271331,0.1441000,384,17155382,17155385,1678580158014,false
7271332,0.1441000,2073,17155386,17155388,1678580158188,false
7271333,0.1441000,92,17155389,17155389,1678580158595,false
7271334,0.1440000,675,17155390,17155390,1678580159038,true
7271335,0.1440000,718,17155391,17155391,1678580159240,true
7271336,0.1441000,713,17155392,17155392,1678580162891,false
7271337,0.1442000,90,17155393,17155393,1678580162891,false
7271338,0.1442000,1606,17155394,17155395,1678580163915,false
7271339,0.1441000,8162,17155396,17155402,1678580171978,true
7271340,0.1441000,744,17155403,17155405,1678580178451,false
7271341,0.1441000,1528,17155406,17155413,1678580178554,false
7271342,0.1441000,608,17155414,17155414,1678580178660,false
7271343,0.1442000,47,17155415,17155415,1678580178660,false
7271344,0.1442000,311,17155416,17155417,1678580178937,false
7271345,0.1442000,117,17155418,17155418,1678580179043,false
7271346,0.1441000,455,17155419,17155420,1678580183942,true
7271347,0.1441000,3243,17155421,17155424,1678580188302,true
7271348,0.1441000,387,17155425,17155426,1678580188983,true
7271349,0.1441000,779,17155427,17155427,1678580194813,true
7271350,0.1441000,2300,17155428,17155438,1678580210996,false
7271351,0.1441000,384,17155439,17155441,1678580211111,false
7271352,0.1441000,253,17155442,17155442,1678580217717,false
7271353,0.1441000,256,17155443,17155444,1678580222314,false
7271354,0.1440000,1387,17155445,17155446,1678580229718,true
7271355,0.1440000,1070,17155447,17155448,1678580230277,true
7271356,0.1441000,52,17155449,17155449,1678580236096,false
7271357,0.1441000,50,17155450,17155450,1678580240437,false
7271358,0.1441000,807,17155451,17155454,1678580242424,false
7271359,0.1441000,429,17155455,17155457,1678580242539,false
7271360,0.1441000,387,17155458,17155459,1678580242709,false
7271361,0.1441000,49,17155460,17155460,1678580243262,false
7271362,0.1441000,49,17155461,17155461,1678580250372,false
7271363,0.1441000,327,17155462,17155462,1678580251797,false
7271364,0.1441000,50,17155463,17155463,1678580252590,false
7271365,0.1441000,342,17155464,17155464,1678580253589,false
7271366,0.1441000,50,17155465,17155465,1678580261713,false
7271367,0.1441000,49,17155466,17155466,1678580264497,false
7271368,0.1441000,87,17155467,17155467,1678580264824,false
7271369,0.1441000,82,17155468,17155468,1678580271968,false
7271370,0.1441000,232,17155469,17155471,1678580272810,false
7271371,0.1441000,49,17155472,17155472,1678580277592,false
7271372,0.1441000,82,17155473,17155473,1678580284097,false
7271373,0.1441000,226,17155474,17155475,1678580284909,false
7271374,0.1441000,49,17155476,17155476,1678580287830,false
7271375,0.1441000,82,17155477,17155477,1678580293282,false
7271376,0.1441000,50,17155478,17155479,1678580294096,false
7271377,0.1441000,49,17155480,17155480,1678580297984,false
7271378,0.1441000,176,17155481,17155481,1678580299158,false
7271379,0.1441000,82,17155482,17155482,1678580300537,false
7271380,0.1441000,50,17155483,17155483,1678580305265,false
7271381,0.1441000,176,17155484,17155484,1678580306360,false
7271382,0.1441000,82,17155485,17155485,1678580307704,false
7271383,0.1441000,176,17155486,17155486,1678580315486,false
7271384,0.1441000,82,17155487,17155487,1678580315832,false
7271385,0.1441000,542,17155488,17155490,1678580326735,false
7271386,0.1441000,176,17155491,17155491,1678580327625,false
7271387,0.1441000,149,17155492,17155492,1678580328131,false
7271388,0.1441000,301,17155493,17155494,1678580328505,false
7271389,0.1441000,176,17155495,17155495,1678580340796,false
7271390,0.1441000,59,17155496,17155497,1678580342047,false
7271391,0.1440000,778,17155498,17155499,1678580342648,true
7271392,0.1440000,778,17155500,17155501,1678580343077,true
7271393,0.1440000,75,17155502,17155502,1678580345897,true
7271394,0.1441000,81,17155503,17155503,1678580349017,false
7271395,0.1440000,69,17155504,17155504,1678580354016,true
7271396,0.1441000,55,17155505,17155505,1678580356266,false
7271397,0.1441000,241,17155506,17155506,1678580356928,false
7271398,0.1440000,69,17155507,17155507,1678580368145,true
7271399,0.1441000,1702,17155508,17155514,1678580369271,false
7271400,0.1441000,876,17155515,17155520,1678580369381,false
7271401,0.1441000,892,17155521,17155525,1678580370084,false
7271402,0.1441000,899,17155526,17155530,1678580370194,false
7271403,0.1441000,311,17155531,17155531,1678580371042,false
7271404,0.1440000,83,17155532,17155532,1678580372885,true
7271405,0.1440000,69,17155533,17155533,1678580376332,true
7271406,0.1441000,84,17155534,17155534,1678580379645,false
7271407,0.1441000,55,17155535,17155535,1678580383518,false
7271408,0.1440000,69,17155536,17155536,1678580389510,true
7271409,0.1441000,55,17155537,17155537,1678580390710,false
7271410,0.1441000,82,17155538,17155538,1678580391748,false
7271411,0.1441000,55,17155539,17155539,1678580399880,false
7271412,0.1441000,82,17155540,17155540,1678580400920,false
7271413,0.1440000,69,17155541,17155541,1678580401678,true
7271414,0.1440000,762,17155542,17155542,1678580402701,true
7271415,0.1440000,721,17155543,17155544,1678580403605,true
7271416,0.1440000,1188,17155545,17155549,1678580404264,true
7271417,0.1440000,801,17155550,17155550,1678580404885,true
7271418,0.1440000,2667,17155551,17155552,1678580406820,true
7271419,0.1440000,2286,17155553,17155555,1678580410429,true
7271420,0.1439000,1586,17155556,17155558,1678580410629,true
7271421,0.1440000,55,17155559,17155559,1678580411048,false
7271422,0.1440000,82,17155560,17155561,1678580411345,false
7271423,0.1439000,69,17155562,17155562,1678580413000,true
7271424,0.1439000,652,17155563,17155563,1678580421849,true
7271425,0.1440000,3686,17155564,17155565,1678580422241,false
7271426,0.1440000,55,17155566,17155566,1678580422702,false
7271427,0.1440000,82,17155567,17155567,1678580424467,false
7271428,0.1440000,168,17155568,17155569,1678580427225,false
7271429,0.1440000,82,17155570,17155570,1678580433580,false
7271430,0.1440000,55,17155571,17155571,1678580433896,false
7271431,0.1440000,55,17155572,17155572,1678580441017,false
7271432,0.1440000,3414,17155573,17155576,1678580441234,false
7271433,0.1440000,82,17155577,17155577,1678580444734,false
7271434,0.1440000,55,17155578,17155578,1678580452141,false
7271435,0.1439000,8763,17155579,17155583,1678580457551,true
7271436,0.1440000,233,17155584,17155585,1678580463405,false
7271437,0.1440000,217,17155586,17155586,1678580464026,false
7271438,0.1440000,458,17155587,17155588,1678580464145,false
7271439,0.1440000,55,17155589,17155589,1678580466299,false
7271440,0.1440000,78,17155590,17155590,1678580472497,false
7271441,0.1440000,55,17155591,17155591,1678580480618,false
7271442,0.1440000,78,17155592,17155592,1678580482672,false
7271443,0.1440000,5185,17155593,17155594,1678580483560,false
7271444,0.1440000,849,17155595,17155598,1678580483703,false
7271445,0.1440000,875,17155599,17155604,1678580483805,false
7271446,0.1440000,55,17155605,17155605,1678580488721,false
7271447,0.1440000,78,17155606,17155606,1678580489783,false
7271448,0.1441000,1748,17155607,17155610,1678580493948,false
7271449,0.1440000,4100,17155611,17155616,1678580494084,true
7271450,0.1441000,78,17155617,17155617,1678580498974,false
7271451,0.1440000,2180,17155618,17155625,1678580505347,true
7271452,0.1440000,226,17155626,17155626,1678580505996,false
7271453,0.1440000,121,17155627,17155627,1678580507495,false
7271454,0.1440000,78,17155628,17155629,1678580509177,false
7271455,0.1440000,115,17155630,17155630,1678580510954,false
7271456,0.1440000,78,17155631,17155631,1678580517361,false
7271457,0.1440000,52,17155632,17155632,1678580520808,false
7271458,0.1440000,113,17155633,17155633,1678580525144,false
7271459,0.1439000,6919,17155634,17155640,1678580528158,true
7271460,0.1440000,151,17155641,17155641,1678580528204,false
7271461,0.1439000,5666,17155642,17155645,1678580528204,true
7271462,0.1439000,77,17155646,17155646,1678580528206,false
7271463,0.1439000,113,17155647,17155647,1678580532270,false
7271464,0.1438000,454,17155648,17155648,1678580535669,true
7271465,0.1438000,6526,17155649,17155653,1678580535904,true
7271466,0.1438000,6518,17155654,17155656,1678580536041,true
7271467,0.1438000,1509,17155657,17155657,1678580538415,false
7271468,0.1438000,299,17155658,17155659,1678580539636,false
7271469,0.1438000,450,17155660,17155662,1678580539762,false
7271470,0.1438000,367,17155663,17155663,1678580539877,false
7271471,0.1438000,504,17155664,17155667,1678580540223,false
7271472,0.1438000,113,17155668,17155668,1678580540463,false
7271473,0.1437000,7839,17155669,17155675,1678580548842,true
7271474,0.1437000,113,17155676,17155676,1678580549582,false
7271475,0.1437000,3243,17155677,17155678,1678580550394,false
7271476,0.1437000,3163,17155679,17155684,1678580559132,false
7271477,0.1437000,77,17155685,17155685,1678580559811,false
7271478,0.1437000,1736,17155686,17155692,1678580560141,false
7271479,0.1437000,113,17155693,17155693,1678580562774,false
7271480,0.1437000,8521,17155694,17155696,1678580571829,false
7271481,0.1438000,108,17155697,17155697,1678580572470,false
7271482,0.1438000,108,17155698,17155698,1678580573493,false
7271483,0.1438000,259,17155699,17155699,1678580574260,false
7271484,0.1437000,2408,17155700,17155701,1678580575466,true
7271485,0.1438000,113,17155702,17155702,1678580577003,false
7271486,0.1437000,5659,17155703,17155711,1678580593234,true
7271487,0.1437000,6648,17155712,17155717,1678580595753,false
7271488,0.1437000,6007,17155718,17155724,1678580605642,true
7271489,0.1437000,1407,17155725,17155726,1678580605644,false
7271490,0.1438000,39,17155727,17155727,1678580605645,false
7271491,0.1437000,2684,17155728,17155733,1678580615863,false
7271492,0.1437000,1800,17155734,17155737,1678580626059,false
7271493,0.1437000,92,17155738,17155738,1678580637164,false
7271494,0.1437000,1361,17155739,17155742,1678580642676,false
7271495,0.1437000,1071,17155743,17155744,1678580642749,true
7271496,0.1437000,905,17155745,17155747,1678580643060,true
7271497,0.1437000,905,17155748,17155748,1678580643797,true
7271498,0.1437000,6564,17155749,17155755,1678580653690,true
7271499,0.1436000,9705,17155756,17155759,1678580662788,true
7271500,0.1435000,15137,17155760,17155774,1678580664065,true
7271501,0.1434000,10527,17155775,17155782,1678580664065,true
7271502,0.1435000,2652,17155783,17155785,1678580669446,false
7271503,0.1436000,2117,17155786,17155786,1678580685381,false
7271504,0.1435000,847,17155787,17155788,1678580704244,true
7271505,0.1436000,1042,17155789,17155789,1678580722499,false
7271506,0.1436000,1250,17155790,17155790,1678580723743,false
7271507,0.1435000,285,17155791,17155791,1678580730611,true
7271508,0.1435000,7345,17155792,17155803,1678580757390,true
7271509,0.1434000,629,17155804,17155804,1678580768095,true
7271510,0.1434000,918,17155805,17155806,1678580768214,true
7271511,0.1434000,3996,17155807,17155810,1678580768298,false
7271512,0.1434000,168,17155811,17155812,1678580769655,false
7271513,0.1434000,8070,17155813,17155818,1678580774355,false
7271514,0.1434000,378,17155819,17155822,1678580775044,false
7271515,0.1433000,13927,17155823,17155834,1678580777152,true
7271516,0.1434000,210,17155835,17155835,1678580777177,false
7271517,0.1433000,5939,17155836,17155856,1678580777200,false
7271518,0.1433000,211,17155857,17155857,1678580777353,false
7271519,0.1433000,61,17155858,17155858,1678580777521,false
7271520,0.1433000,1341,17155859,17155859,1678580779567,false
7271521,0.1434000,1341,17155860,17155860,1678580779607,false
7271522,0.1433000,17445,17155861,17155871,1678580780604,true
7271523,0.1433000,1752,17155872,17155873,1678580785162,true
7271524,0.1433000,61,17155874,17155874,1678580786615,false
7271525,0.1433000,168,17155875,17155876,1678580793435,false
7271526,0.1433000,61,17155877,17155877,1678580794801,false
7271527,0.1433000,61,17155878,17155878,1678580808958,false
7271528,0.1433000,3610,17155879,17155881,1678580815325,false
7271529,0.1434000,3578,17155882,17155884,1678580815380,false
7271530,0.1434000,61,17155885,17155885,1678580817071,false
7271531,0.1433000,822,17155886,17155887,1678580822738,true
7271532,0.1433000,732,17155888,17155890,1678580823239,true
7271533,0.1433000,1445,17155891,17155891,1678580823931,true
7271534,0.1433000,61,17155892,17155892,1678580830177,false
7271535,0.1433000,361,17155893,17155894,1678580851829,false
7271536,0.1432000,95,17155895,17155896,1678580852464,true
7271537,0.1432000,14543,17155897,17155911,1678580859354,true
7271538,0.1431000,1325,17155912,17155917,1678580867898,true
7271539,0.1431000,1119,17155918,17155919,1678580868002,true
7271540,0.1431000,139,17155920,17155920,1678580899168,false
7271541,0.1430000,774,17155921,17155922,1678580900135,true
7271542,0.1430000,2107,17155923,17155927,1678580912196,true
7271543,0.1431000,13083,17155928,17155933,1678580961282,false
7271544,0.1432000,571,17155934,17155936,1678580964226,false
7271545,0.1432000,3636,17155937,17155941,1678580964454,true
7271546,0.1433000,5201,17155942,17155943,1678580967903,false
7271547,0.1434000,20556,17155944,17155954,1678580967903,false
7271548,0.1433000,213,17155955,17155955,1678580970541,true
7271549,0.1433000,340,17155956,17155957,1678580980068,true
7271550,0.1433000,43,17155958,17155958,1678580994619,true
7271551,0.1434000,2145,17155959,17155962,1678581003761,false
7271552,0.1435000,789,17155963,17155964,1678581003845,false
7271553,0.1434000,8287,17155965,17155968,1678581005794,true
7271554,0.1434000,1759,17155969,17155970,1678581007018,true
7271555,0.1434000,1232,17155971,17155974,1678581024507,true
7271556,0.1434000,150,17155975,17155975,1678581027731,false
7271557,0.1434000,9844,17155976,17155984,1678581053483,false
7271558,0.1434000,84,17155985,17155985,1678581054565,true
7271559,0.1434000,717,17155986,17155987,1678581060035,true
7271560,0.1434000,717,17155988,17155988,1678581060360,true
7271561,0.1434000,84,17155989,17155989,1678581060571,true
7271562,0.1434000,67,17155990,17155990,1678581065454,true
7271563,0.1434000,62,17155991,17155991,1678581075631,true
7271564,0.1434000,6427,17155992,17155994,1678581082148,true
7271565,0.1434000,81,17155995,17155995,1678581084631,true
7271566,0.1434000,62,17155996,17155996,1678581087762,true
7271567,0.1434000,80,17155997,17155997,1678581090554,true
7271568,0.1434000,6933,17155998,17156000,1678581099632,true
7271569,0.1434000,62,17156001,17156001,1678581099932,true
7271570,0.1434000,55,17156002,17156002,1678581100485,true
7271571,0.1435000,421,17156003,17156004,1678581101074,false
7271572,0.1434000,62,17156005,17156005,1678581107036,true
7271573,0.1434000,62,17156006,17156006,1678581116178,true
7271574,0.1434000,62,17156007,17156007,1678581129346,true
7271575,0.1434000,145,17156008,17156008,1678581133918,true
7271576,0.1434000,2911,17156009,17156011,1678581139811,true
7271577,0.1433000,143,17156012,17156012,1678581148074,true
7271578,0.1433000,143,17156013,17156013,1678581155218,true
7271579,0.1433000,143,17156014,17156014,1678581164351,true
7271580,0.1433000,12358,17156015,17156028,1678581165297,true
7271581,0.1433000,4532,17156029,17156033,1678581165400,true
7271582,0.1433000,12264,17156034,17156038,1678581166078,false
7271583,0.1433000,3489,17156039,17156040,1678581174765,false
7271584,0.1432000,143,17156041,17156041,1678581176458,true
7271585,0.1433000,293,17156042,17156042,1678581178572,false
7271586,0.1432000,143,17156043,17156043,1678581185646,true
7271587,0.1432000,143,17156044,17156044,1678581192758,true
7271588,0.1433000,18906,17156045,17156053,1678581222386,false
7271589,0.1434000,17306,17156054,17156065,1678581222389,false
7271590,0.1434000,5200,17156066,17156069,1678581222406,true
7271591,0.1435000,2304,17156070,17156072,1678581222479,false
7271592,0.1434000,6358,17156073,17156078,1678581223039,true
7271593,0.1433000,2618,17156079,17156083,1678581228801,true
7271594,0.1433000,2047,17156084,17156087,1678581228955,true
7271595,0.1432000,70,17156088,17156088,1678581241286,true
7271596,0.1432000,68,17156089,17156089,1678581255464,true
7271597,0.1432000,68,17156090,17156090,1678581269585,true
7271598,0.1432000,69,17156091,17156091,1678581276763,true
7271599,0.1432000,68,17156092,17156092,1678581278788,true
7271600,0.1432000,68,17156093,17156093,1678581289056,true
7271601,0.1432000,68,17156094,17156094,1678581298163,true
7271602,0.1432000,68,17156095,17156096,1678581310278,true
7271603,0.1432000,617,17156097,17156097,1678581311168,true
7271604,0.1432000,1810,17156098,17156100,1678581319295,true
7271605,0.1433000,7915,17156101,17156105,1678581321877,false
7271606,0.1434000,7284,17156106,17156109,1678581321877,false
7271607,0.1433000,859,17156110,17156111,1678581322041,true
7271608,0.1433000,716,17156112,17156112,1678581322342,true
7271609,0.1434000,6978,17156113,17156116,1678581323804,false
7271610,0.1434000,1355,17156117,17156119,1678581335406,false
7271611,0.1434000,497,17156120,17156120,1678581336154,true
7271612,0.1434000,4822,17156121,17156126,1678581347273,true
7271613,0.1434000,334,17156127,17156127,1678581357353,true
7271614,0.1434000,2116,17156128,17156131,1678581402747,true
7271615,0.1433000,15824,17156132,17156145,1678581470071,true
7271616,0.1433000,85,17156146,17156146,1678581470889,true
7271617,0.1432000,114,17156147,17156147,1678581495804,true
7271618,0.1432000,113,17156148,17156148,1678581509984,true
7271619,0.1432000,113,17156149,17156150,1678581518169,true
7271620,0.1432000,113,17156151,17156151,1678581529346,true
7271621,0.1432000,113,17156152,17156152,1678581536529,true
7271622,0.1432000,713,17156153,17156153,1678581542974,true
7271623,0.1432000,113,17156154,17156154,1678581547721,true
7271624,0.1432000,306,17156155,17156155,1678581555126,true
7271625,0.1432000,113,17156156,17156156,1678581555905,true
7271626,0.1432000,2579,17156157,17156160,1678581602815,true
7271627,0.1432000,768,17156161,17156161,1678581603744,true
7271628,0.1432000,1362,17156162,17156164,1678581615617,true
7271629,0.1431000,1157,17156165,17156167,1678581621666,true
7271630,0.1431000,915,17156168,17156168,1678581622189,true
7271631,0.1430000,49,17156169,17156169,1678581622189,true
7271632,0.1430000,117,17156170,17156171,1678581636538,true
7271633,0.1430000,15572,17156172,17156175,1678581646149,true
7271634,0.1429000,19646,17156176,17156186,1678581646149,true
7271635,0.1429000,115,17156187,17156187,1678581649716,true
7271636,0.1429000,115,17156188,17156188,1678581657840,true
7271637,0.1429000,115,17156189,17156189,1678581671978,true
7271638,0.1429000,115,17156190,17156190,1678581680233,true
7271639,0.1429000,115,17156191,17156191,1678581689487,true
7271640,0.1429000,115,17156192,17156192,1678581698575,true
7271641,0.1429000,458,17156193,17156193,1678581699179,true
7271642,0.1429000,10000,17156194,17156199,1678581710900,true
7271643,0.1429000,6322,17156200,17156204,1678581718297,true
7271644,0.1428000,4551,17156205,17156208,1678581719060,true
7271645,0.1429000,1905,17156209,17156211,1678581735389,false
7271646,0.1430000,125,17156212,17156212,1678581780558,false
7271647,0.1431000,1751,17156213,17156216,1678581852830,true
7271648,0.1431000,5492,17156217,17156224,1678581892117,true
7271649,0.1430000,718,17156225,17156227,1678581903217,true
7271650,0.1430000,1840,17156228,17156228,1678581904174,true
7271651,0.1430000,528,17156229,17156229,1678581904716,true
7271652,0.1429000,3053,17156230,17156231,1678581904716,true
7271653,0.1429000,1903,17156232,17156232,1678581922600,true
7271654,0.1429000,1705,17156233,17156235,1678581923906,true
7271655,0.1430000,2000,17156236,17156237,1678581971145,false
7271656,0.1430000,2500,17156238,17156239,1678581976778,false
7271657,0.1430000,207,17156240,17156240,1678581985096,false
7271658,0.1429000,5360,17156241,17156245,1678581992894,true
7271659,0.1430000,3551,17156246,17156249,1678582015028,false
7271660,0.1430000,3497,17156250,17156251,1678582015160,false
7271661,0.1430000,17469,17156252,17156268,1678582025542,true
7271662,0.1429000,4523,17156269,17156274,1678582025546,true
7271663,0.1429000,61,17156275,17156275,1678582036313,false
7271664,0.1428000,3943,17156276,17156277,1678582079227,true
7271665,0.1428000,2837,17156278,17156278,1678582086168,true
7271666,0.1428000,2651,17156279,17156280,1678582086275,true
7271667,0.1429000,1124,17156281,17156284,1678582088128,false
7271668,0.1428000,80,17156285,17156285,1678582113666,true
7271669,0.1428000,238,17156286,17156286,1678582119063,true
7271670,0.1428000,75,17156287,17156287,1678582122866,true
7271671,0.1428000,75,17156288,17156288,1678582136020,true
7271672,0.1428000,208,17156289,17156289,1678582140194,true
7271673,0.1428000,75,17156290,17156290,1678582145130,true
7271674,0.1429000,208,17156291,17156291,1678582148606,false
7271675,0.1428000,75,17156292,17156292,1678582152404,true
7271676,0.1428000,3417,17156293,17156294,1678582162660,true
7271677,0.1428000,75,17156295,17156295,1678582170771,true
7271678,0.1428000,1598,17156296,17156296,1678582204192,true
7271679,0.1428000,19402,17156297,17156303,1678582211814,true
7271680,0.1428000,63,17156304,17156304,1678582215292,false
7271681,0.1427000,1508,17156305,17156309,1678582218347,true
7271682,0.1426000,1881,17156310,17156315,1678582218348,true
7271683,0.1427000,699,17156316,17156317,1678582221256,false
7271684,0.1427000,144,17156318,17156318,1678582221897,false
7271685,0.1426000,696,17156319,17156319,1678582222351,true
7271686,0.1427000,38,17156320,17156320,1678582222753,false
7271687,0.1426000,7,17156321,17156322,1678582260425,true
7271688,0.1427000,900,17156323,17156323,1678582262695,false
7271689,0.1427000,891,17156324,17156324,1678582263156,false
7271690,0.1427000,1543,17156325,17156326,1678582267618,false
7271691,0.1428000,63,17156327,17156327,1678582271572,false
7271692,0.1428000,485,17156328,17156328,1678582273166,false
7271693,0.1429000,5261,17156329,17156331,1678582286839,false
7271694,0.1430000,2797,17156332,17156334,1678582287348,false
7271695,0.1431000,244,17156335,17156335,1678582310598,false
7271696,0.1430000,1782,17156336,17156338,1678582322707,true
7271697,0.1430000,1183,17156339,17156340,1678582323547,true
7271698,0.1431000,3851,17156341,17156347,1678582380257,false
7271699,0.1433000,17530,17156348,17156354,1678582401262,false
7271700,0.1434000,8952,17156355,17156360,1678582401467,false
7271701,0.1434000,298,17156361,17156361,1678582404624,true
7271702,0.1434000,52,17156362,17156362,1678582408579,true
7271703,0.1434000,299,17156363,17156364,1678582410695,true
7271704,0.1434000,8708,17156365,17156367,1678582417151,true
7271705,0.1434000,4099,17156368,17156370,1678582417269,true
7271706,0.1433000,929,17156371,17156373,1678582443226,true
7271707,0.1433000,888,17156374,17156378,1678582443595,true
7271708,0.1434000,36,17156379,17156379,1678582445613,false
7271709,0.1433000,3116,17156380,17156387,1678582464900,true
7271710,0.1433000,760,17156388,17156388,1678582465027,true
7271711,0.1432000,1964,17156389,17156390,1678582521849,true
7271712,0.1432000,1660,17156391,17156395,1678582522446,true
7271713,0.1431000,550,17156396,17156396,1678582524604,true
7271714,0.1431000,548,17156397,17156397,1678582528595,true
7271715,0.1431000,549,17156398,17156399,1678582530552,true
7271716,0.1431000,222,17156400,17156400,1678582538633,true
7271717,0.1432000,2626,17156401,17156403,1678582570249,false
7271718,0.1432000,1349,17156404,17156406,1678582570378,false
7271719,0.1433000,4357,17156407,17156409,1678582574444,false
7271720,0.1433000,176,17156410,17156410,1678582580633,true
7271721,0.1433000,220,17156411,17156411,1678582584558,true
7271722,0.1433000,221,17156412,17156412,1678582588604,true
7271723,0.1433000,221,17156413,17156414,1678582590594,true
7271724,0.1434000,4723,17156415,17156419,1678582593160,false
7271725,0.1435000,13892,17156420,17156430,1678582595787,false
7271726,0.1436000,8090,17156431,17156439,1678582598032,false
7271727,0.1436000,536,17156440,17156440,1678582598578,true
7271728,0.1436000,157,17156441,17156441,1678582602627,true
7271729,0.1436000,315,17156442,17156442,1678582610629,true
7271730,0.1436000,229,17156443,17156444,1678582614447,true
7271731,0.1436000,315,17156445,17156445,1678582614573,true
7271732,0.1436000,4234,17156446,17156448,1678582616442,true
7271733,0.1437000,8840,17156449,17156452,1678582617850,false
7271734,0.1437000,316,17156453,17156453,1678582618620,true
7271735,0.1437000,315,17156454,17156454,1678582620624,true
7271736,0.1438000,698,17156455,17156455,1678582620904,false
7271737,0.1438000,10143,17156456,17156460,1678582622077,true
7271738,0.1438000,3020,17156461,17156463,1678582622239,true
7271739,0.1438000,5,17156464,17156464,1678582630791,false
7271740,0.1437000,4944,17156465,17156465,1678582639711,true
7271741,0.1438000,1683,17156466,17156468,1678582643403,false
7271742,0.1437000,91,17156469,17156469,1678582653530,true
7271743,0.1437000,500,17156470,17156471,1678582657186,true
7271744,0.1437000,85,17156472,17156472,1678582660793,true
7271745,0.1438000,5152,17156473,17156478,1678582664477,false
7271746,0.1439000,5258,17156479,17156484,1678582664487,false
7271747,0.1439000,5705,17156485,17156489,1678582669754,false
7271748,0.1440000,11740,17156490,17156495,1678582669754,false
7271749,0.1438000,196,17156496,17156496,1678582670613,true
7271750,0.1438000,85,17156497,17156497,1678582671037,true
7271751,0.1438000,197,17156498,17156498,1678582674550,true
7271752,0.1438000,196,17156499,17156499,1678582678609,true
7271753,0.1438000,87,17156500,17156500,1678582680582,true
7271754,0.1438000,85,17156501,17156501,1678582683235,true
7271755,0.1438000,143,17156502,17156502,1678582684529,true
7271756,0.1438000,196,17156503,17156503,1678582688596,true
7271757,0.1438000,85,17156504,17156504,1678582692343,true
7271758,0.1438000,197,17156505,17156505,1678582692532,true
7271759,0.1439000,81,17156506,17156506,1678582700558,true
7271760,0.1439000,85,17156507,17156507,1678582701465,true
7271761,0.1439000,2267,17156508,17156510,1678582704389,true
7271762,0.1438000,85,17156511,17156511,1678582712576,true
7271763,0.1438000,698,17156512,17156512,1678582801370,true
7271764,0.1439000,3386,17156513,17156518,1678582805385,false
7271765,0.1439000,2931,17156519,17156520,1678582805812,true
7271766,0.1439000,781,17156521,17156522,1678582807668,true
7271767,0.1439000,1149,17156523,17156523,1678582807809,true
7271768,0.1439000,56,17156524,17156524,1678582808647,true
7271769,0.1440000,55,17156525,17156525,1678582812565,true
7271770,0.1441000,555,17156526,17156528,1678582818767,false
7271771,0.1440000,3631,17156529,17156533,1678582822270,true
7271772,0.1440000,1767,17156534,17156535,1678582823094,true
7271773,0.1441000,1485,17156536,17156540,1678582825489,false
7271774,0.1440000,1647,17156541,17156542,1678582829631,true
7271775,0.1440000,2120,17156543,17156544,1678582833291,true
7271776,0.1441000,8986,17156545,17156549,1678582838084,false
7271777,0.1442000,11144,17156550,17156554,1678582840130,false
7271778,0.1443000,11486,17156555,17156559,1678582840130,false
7271779,0.1443000,2837,17156560,17156561,1678582842114,false
7271780,0.1443000,7118,17156562,17156565,1678582842191,true
7271781,0.1443000,769,17156566,17156567,1678582843307,false
7271782,0.1442000,77,17156568,17156568,1678582843670,true
7271783,0.1442000,10065,17156569,17156575,1678582846443,true
7271784,0.1441000,7920,17156576,17156579,1678582847872,true
7271785,0.1441000,3386,17156580,17156583,1678582864613,false
7271786,0.1442000,5939,17156584,17156588,1678582883491,false
7271787,0.1442000,9457,17156589,17156593,1678582884084,true
7271788,0.1442000,7775,17156594,17156603,1678582897979,true
7271789,0.1442000,2790,17156604,17156608,1678582927143,false
7271790,0.1443000,2016,17156609,17156609,1678582944076,false
7271791,0.1443000,61,17156610,17156610,1678582953617,true
7271792,0.1443000,57,17156611,17156611,1678582962834,true
7271793,0.1443000,73,17156612,17156612,1678582972127,true
7271794,0.1444000,10587,17156613,17156621,1678582973290,false
7271795,0.1444000,57,17156622,17156622,1678582974141,true
7271796,0.1445000,9145,17156623,17156630,1678582975392,false
7271797,0.1445000,5163,17156631,17156634,1678582975515,false
7271798,0.1445000,71,17156635,17156635,1678582981253,true
7271799,0.1446000,1717,17156636,17156638,1678582984156,false
7271800,0.1447000,130,17156639,17156639,1678582985888,false
7271801,0.1447000,2241,17156640,17156643,1678582988180,false
7271802,0.1447000,57,17156644,17156644,1678582988514,true
7271803,0.1447000,71,17156645,17156645,1678582991362,true
7271804,0.1448000,127,17156646,17156646,1678582996016,false
7271805,0.1447000,57,17156647,17156647,1678582998736,true
7271806,0.1447000,71,17156648,17156648,1678583003458,true
7271807,0.1448000,127,17156649,17156649,1678583004127,false
7271808,0.1448000,127,17156650,17156650,1678583011391,false
7271809,0.1447000,57,17156651,17156651,1678583012926,true
7271810,0.1447000,71,17156652,17156652,1678583015626,true
7271811,0.1448000,127,17156653,17156653,1678583024500,false
7271812,0.1447000,71,17156654,17156654,1678583024724,true
7271813,0.1447000,10442,17156655,17156664,1678583025892,true
7271814,0.1447000,57,17156665,17156665,1678583027034,true
7271815,0.1447000,71,17156666,17156666,1678583036909,true
7271816,0.1447000,130,17156667,17156667,1678583037044,true
7271817,0.1448000,127,17156668,17156668,1678583038622,false
7271818,0.1447000,35,17156669,17156669,1678583042974,true
7271819,0.1447000,125,17156670,17156670,1678583045192,true
7271820,0.1448000,1577,17156671,17156674,1678583047837,false
7271821,0.1448000,5031,17156675,17156680,1678583047949,false
7271822,0.1449000,2478,17156681,17156683,1678583048004,false
7271823,0.1449000,1902,17156684,17156685,1678583048941,false
7271824,0.1450000,8564,17156686,17156690,1678583049735,false
7271825,0.1450000,125,17156691,17156691,1678583052397,true
7271826,0.1450000,125,17156692,17156692,1678583065599,true
7271827,0.1450000,25798,17156693,17156712,1678583070161,true
7271828,0.1449000,8211,17156713,17156720,1678583070201,true
7271829,0.1449000,6443,17156721,17156724,1678583070313,true
7271830,0.1449000,5528,17156725,17156728,1678583070437,true
7271831,0.1449000,865,17156729,17156730,1678583070660,true
7271832,0.1449000,7280,17156731,17156733,1678583074672,true
7271833,0.1448000,125,17156734,17156734,1678583079724,true
7271834,0.1449000,1165,17156735,17156736,1678583085360,false
7271835,0.1449000,1970,17156737,17156740,1678583089869,true
7271836,0.1450000,3399,17156741,17156744,1678583090282,false
7271837,0.1450000,125,17156745,17156745,1678583097020,true
7271838,0.1451000,787,17156746,17156748,1678583104544,false
7271839,0.1452000,1254,17156749,17156752,1678583104544,false
7271840,0.1452000,7612,17156753,17156758,1678583104835,false
7271841,0.1453000,8653,17156759,17156765,1678583106112,false
7271842,0.1454000,338,17156766,17156767,1678583106113,false
7271843,0.1452000,645,17156768,17156769,1678583106113,true
7271844,0.1453000,7603,17156770,17156780,1678583117956,true
7271845,0.1452000,2400,17156781,17156782,1678583122425,true
7271846,0.1452000,2000,17156783,17156784,1678583122822,true
7271847,0.1452000,12737,17156785,17156793,1678583129896,true
7271848,0.1451000,1214,17156794,17156796,1678583129910,true
7271849,0.1452000,6125,17156797,17156802,1678583131192,false
7271850,0.1453000,56,17156803,17156803,1678583134975,false
7271851,0.1453000,50,17156804,17156804,1678583145152,false
7271852,0.1452000,2465,17156805,17156810,1678583145717,true
7271853,0.1452000,6472,17156811,17156815,1678583149370,false
7271854,0.1452000,6713,17156816,17156820,1678583150754,true
7271855,0.1452000,13254,17156821,17156825,1678583152564,true
7271856,0.1451000,18781,17156826,17156830,1678583152564,true
7271857,0.1452000,50,17156831,17156831,1678583158310,false
7271858,0.1452000,327,17156832,17156832,1678583162391,false
7271859,0.1452000,5679,17156833,17156840,1678583162542,false
7271860,0.1453000,10370,17156841,17156850,1678583164194,false
7271861,0.1454000,3495,17156851,17156856,1678583164509,false
7271862,0.1454000,1817,17156857,17156859,1678583165165,true
7271863,0.1455000,50,17156860,17156860,1678583165500,false
7271864,0.1455000,2843,17156861,17156865,1678583165978,false
7271865,0.1455000,124,17156866,17156866,1678583166177,true
7271866,0.1455000,2897,17156867,17156872,1678583171216,true
7271867,0.1454000,1185,17156873,17156873,1678583171267,true
7271868,0.1455000,50,17156874,17156874,1678583174714,false
7271869,0.1454000,3027,17156875,17156879,1678583178420,true
7271870,0.1453000,168,17156880,17156880,1678583182481,true
7271871,0.1454000,50,17156881,17156881,1678583182887,false
7271872,0.1454000,50,17156882,17156882,1678583192075,false
7271873,0.1454000,6508,17156883,17156888,1678583196189,false
7271874,0.1454000,278,17156889,17156890,1678583196383,false
7271875,0.1454000,566,17156891,17156891,1678583196546,false
7271876,0.1454000,5265,17156892,17156893,1678583206065,false
7271877,0.1454000,8196,17156894,17156898,1678583209256,true
7271878,0.1453000,5076,17156899,17156901,1678583209256,true
7271879,0.1453000,5622,17156902,17156907,1678583225045,true
7271880,0.1452000,9173,17156908,17156909,1678583241089,true
7271881,0.1452000,10752,17156910,17156917,1678583265127,false
7271882,0.1452000,2161,17156918,17156918,1678583267142,true
7271883,0.1453000,174,17156919,17156919,1678583276054,false
7271884,0.1453000,174,17156920,17156920,1678583276269,false
7271885,0.1453000,174,17156921,17156921,1678583276456,false
7271886,0.1453000,174,17156922,17156923,1678583276652,false
7271887,0.1453000,800,17156924,17156924,1678583284009,false
7271888,0.1453000,689,17156925,17156926,1678583286703,false
7271889,0.1454000,273,17156927,17156927,1678583286705,false
7271890,0.1453000,1967,17156928,17156929,1678583338367,true
7271891,0.1452000,8306,17156930,17156939,1678583341569,true
7271892,0.1452000,95,17156940,17156940,1678583341735,true
7271893,0.1450000,11189,17156941,17156945,1678583358902,true
7271894,0.1450000,123,17156946,17156946,1678583370591,false
7271895,0.1449000,2859,17156947,17156947,1678583385247,true
7271896,0.1449000,3590,17156948,17156950,1678583389843,true
7271897,0.1449000,104,17156951,17156951,1678583400540,false
7271898,0.1449000,3697,17156952,17156955,1678583401870,false
7271899,0.1449000,732,17156956,17156957,1678583404435,false
7271900,0.1448000,2990,17156958,17156961,1678583408589,true
7271901,0.1447000,690,17156962,17156962,1678583411889,true
7271902,0.1448000,1258,17156963,17156963,1678583418246,false
7271903,0.1447000,1580,17156964,17156967,1678583421782,true
7271904,0.1446000,2827,17156968,17156972,1678583422145,true
7271905,0.1446000,1750,17156973,17156974,1678583422410,false
7271906,0.1446000,228,17156975,17156975,1678583424643,false
7271907,0.1445000,152,17156976,17156976,1678583425326,true
7271908,0.1446000,8034,17156977,17156985,1678583426876,false
7271909,0.1448000,133,17156986,17156986,1678583430573,false
7271910,0.1447000,148,17156987,17156989,1678583438506,true
7271911,0.1448000,4716,17156990,17156995,1678583443842,false
7271912,0.1448000,2707,17156996,17157000,1678583444062,false
7271913,0.1449000,2626,17157001,17157004,1678583444119,false
7271914,0.1449000,898,17157005,17157006,1678583444658,false
7271915,0.1449000,1423,17157007,17157009,1678583445530,false
7271916,0.1450000,690,17157010,17157011,1678583449550,false
7271917,0.1449000,148,17157012,17157012,1678583452618,true
7271918,0.1449000,148,17157013,17157013,1678583460805,true
7271919,0.1449000,548,17157014,17157015,1678583469997,true
7271920,0.1448000,4443,17157016,17157021,1678583470934,true
7271921,0.1447000,148,17157022,17157022,1678583481105,true
7271922,0.1448000,70,17157023,17157023,1678583490557,false
7271923,0.1447000,148,17157024,17157024,1678583492275,true
7271924,0.1448000,807,17157025,17157026,1678583522819,false
7271925,0.1449000,780,17157027,17157027,1678583524103,false
7271926,0.1448000,346,17157028,17157028,1678583590304,true
7271927,0.1448000,130,17157029,17157029,1678583610570,false
7271928,0.1448000,4584,17157030,17157032,1678583615222,false
7271929,0.1448000,50,17157033,17157033,1678583664539,false
7271930,0.1448000,59,17157034,17157034,1678583670570,false
7271931,0.1447000,7256,17157035,17157038,1678583674211,true
7271932,0.1448000,1309,17157039,17157042,1678583722145,false
7271933,0.1449000,2161,17157043,17157044,1678583781300,false
7271934,0.1449000,16002,17157045,17157054,1678583858129,false
7271935,0.1450000,4000,17157055,17157058,1678583861646,false
7271936,0.1451000,533,17157059,17157059,1678583874747,false
7271937,0.1451000,4584,17157060,17157063,1678583899391,false
7271938,0.1452000,2441,17157064,17157064,1678583899527,false
7271939,0.1452000,3159,17157065,17157067,1678583900862,false
7271940,0.1453000,18389,17157068,17157075,1678583900862,false
7271941,0.1454000,6697,17157076,17157082,1678583900987,false
7271942,0.1455000,684,17157083,17157083,1678583908405,false
7271943,0.1456000,2859,17157084,17157088,1678583911109,false
7271944,0.1455000,13319,17157089,17157102,1678583912058,true
7271945,0.1454000,2540,17157103,17157104,1678583912132,true
7271946,0.1455000,108,17157105,17157105,1678583912598,false
7271947,0.1454000,4000,17157106,17157108,1678583914116,true
7271948,0.1455000,687,17157109,17157110,1678583924193,false
7271949,0.1455000,55,17157111,17157111,1678583926450,false
7271950,0.1454000,533,17157112,17157112,1678583933810,true
7271951,0.1455000,53,17157113,17157113,1678583936674,false
7271952,0.1455000,687,17157114,17157114,1678583943376,false
7271953,0.1455000,53,17157115,17157115,1678583943846,false
7271954,0.1454000,53,17157116,17157116,1678583954030,false
7271955,0.1453000,8048,17157117,17157126,1678583960831,true
7271956,0.1453000,53,17157127,17157127,1678583965214,false
7271957,0.1452000,9703,17157128,17157133,1678583965613,true
7271958,0.1452000,53,17157134,17157134,1678583973408,false
7271959,0.1452000,53,17157135,17157135,1678583981534,false
7271960,0.1451000,9451,17157136,17157139,1678583983048,true
7271961,0.1451000,6476,17157140,17157147,1678583985149,false
7271962,0.1451000,160,17157148,17157148,1678583990492,false
7271963,0.1452000,1061,17157149,17157151,1678584002853,false
7271964,0.1452000,337,17157152,17157152,1678584003014,false
7271965,0.1453000,3744,17157153,17157155,1678584003014,false
7271966,0.1453000,3370,17157156,17157157,1678584004072,false
7271967,0.1453000,921,17157158,17157158,1678584005835,false
7271968,0.1453000,9835,17157159,17157162,1678584020013,false
7271969,0.1454000,1132,17157163,17157164,1678584020024,false
7271970,0.1454000,4275,17157165,17157167,1678584033425,false
7271971,0.1454000,5977,17157168,17157173,1678584073926,true
7271972,0.1454000,500,17157174,17157174,1678584091864,false
7271973,0.1453000,1184,17157175,17157176,1678584110163,true
7271974,0.1452000,448,17157177,17157177,1678584118838,true
7271975,0.1453000,2819,17157178,17157179,1678584126367,false
7271976,0.1454000,690,17157180,17157182,1678584126367,false
7271977,0.1453000,548,17157183,17157183,1678584128990,true
7271978,0.1452000,17809,17157184,17157197,1678584143893,true
7271979,0.1451000,376,17157198,17157198,1678584151648,true
7271980,0.1452000,3007,17157199,17157201,1678584157310,false
7271981,0.1453000,1317,17157202,17157204,1678584157311,false
7271982,0.1452000,1183,17157205,17157206,1678584194937,true
7271983,0.1451000,971,17157207,17157207,1678584243509,true
7271984,0.1451000,7047,17157208,17157213,1678584244843,true
7271985,0.1450000,4923,17157214,17157216,1678584247949,true
7271986,0.1451000,689,17157217,17157217,1678584247950,false
7271987,0.1451000,3184,17157218,17157222,1678584279408,false
7271988,0.1451000,188,17157223,17157223,1678584290010,false
7271989,0.1451000,70,17157224,17157224,1678584324595,false
7271990,0.1451000,69,17157225,17157225,1678584330644,false
7271991,0.1450000,1686,17157226,17157227,1678584355303,true
7271992,0.1451000,62,17157228,17157228,1678584384565,false
7271993,0.1451000,63,17157229,17157229,1678584390624,false
7271994,0.1450000,1466,17157230,17157234,1678584398227,true
7271995,0.1449000,2271,17157235,17157238,1678584401648,true
7271996,0.1449000,207,17157239,17157239,1678584414630,false
7271997,0.1449000,166,17157240,17157240,1678584418566,false
7271998,0.1449000,206,17157241,17157241,1678584420571,false
7271999,0.1449000,909,17157242,17157242,1678584421500,false
7272000,0.1448000,1931,17157243,17157245,1678584438829,true
7272001,0.1448000,7738,17157246,17157251,1678584438955,true
7272002,0.1448000,148,17157252,17157253,1678584444580,false
7272003,0.1448000,148,17157254,17157254,1678584448613,false
7272004,0.1448000,149,17157255,17157255,1678584450587,false
7272005,0.1448000,35,17157256,17157256,1678584504535,false
7272006,0.1448000,35,17157257,17157257,1678584508579,false
7272007,0.1447000,78,17157258,17157258,1678584534747,true
7272008,0.1447000,73,17157259,17157259,1678584542870,true
7272009,0.1447000,73,17157260,17157260,1678584556041,true
7272010,0.1447000,73,17157261,17157261,1678584569275,true
7272011,0.1448000,65,17157262,17157262,1678584570644,false
7272012,0.1447000,73,17157263,17157263,1678584582448,true
7272013,0.1447000,12283,17157264,17157269,1678584591306,true
7272014,0.1446000,3815,17157270,17157272,1678584591306,true
7272015,0.1447000,1817,17157273,17157274,1678584591556,false
7272016,0.1447000,83,17157275,17157275,1678584591962,false
7272017,0.1447000,134,17157276,17157276,1678584594543,false
7272018,0.1446000,73,17157277,17157277,1678584595574,true
7272019,0.1446000,3184,17157278,17157281,1678584597089,true
7272020,0.1447000,134,17157282,17157282,1678584598607,false
7272021,0.1447000,104,17157283,17157283,1678584600595,false
7272022,0.1447000,354,17157284,17157284,1678584602262,false
7272023,0.1446000,73,17157285,17157285,1678584602684,true
7272024,0.1446000,564,17157286,17157287,1678584602840,true
7272025,0.1445000,918,17157288,17157290,1678584602840,true
7272026,0.1445000,2445,17157291,17157292,1678584604144,true
7272027,0.1445000,811,17157293,17157293,1678584606754,true
7272028,0.1446000,192,17157294,17157294,1678584608640,false
7272029,0.1446000,10623,17157295,17157303,1678584613930,false
7272030,0.1446000,1528,17157304,17157304,1678584614052,false
7272031,0.1447000,424,17157305,17157306,1678584614303,false
7272032,0.1447000,2232,17157307,17157310,1678584614596,false
7272033,0.1448000,16773,17157311,17157323,1678584623205,false
7272034,0.1448000,5083,17157324,17157329,1678584623360,false
7272035,0.1449000,620,17157330,17157330,1678584623443,false
7272036,0.1448000,3834,17157331,17157337,1678584637565,true
7272037,0.1448000,459,17157338,17157338,1678584642653,false
7272038,0.1448000,321,17157339,17157339,1678584643548,false
7272039,0.1447000,4747,17157340,17157352,1678584651923,true
7272040,0.1447000,229,17157353,17157353,1678584654473,false
7272041,0.1446000,354,17157354,17157354,1678584657622,true
7272042,0.1447000,316,17157355,17157356,1678584675138,false
7272043,0.1446000,2698,17157357,17157359,1678584689053,true
7272044,0.1446000,563,17157360,17157361,1678584696088,true
7272045,0.1445000,3242,17157362,17157362,1678584701382,true
7272046,0.1445000,10345,17157363,17157378,1678584701501,true
7272047,0.1444000,768,17157379,17157380,1678584701680,true
7272048,0.1444000,3879,17157381,17157384,1678584704403,true
7272049,0.1444000,2351,17157385,17157386,1678584707406,false
7272050,0.1445000,356,17157387,17157387,1678584722264,false
7272051,0.1445000,229,17157388,17157389,1678584735143,false
7272052,0.1444000,7645,17157390,17157394,1678584740433,true
7272053,0.1444000,269,17157395,17157395,1678584745359,false
7272054,0.1444000,316,17157396,17157397,1678584750189,false
7272055,0.1444000,285,17157398,17157398,1678584765155,false
7272056,0.1444000,284,17157399,17157399,1678584782279,false
7272057,0.1443000,797,17157400,17157402,1678584784600,true
7272058,0.1443000,2432,17157403,17157408,1678584798923,true
7272059,0.1443000,116,17157409,17157409,1678584804537,false
7272060,0.1443000,116,17157410,17157410,1678584808586,false
7272061,0.1443000,168,17157411,17157412,1678584809372,false
7272062,0.1443000,356,17157413,17157414,1678584810143,false
7272063,0.1443000,168,17157415,17157416,1678584818234,false
7272064,0.1443000,168,17157417,17157418,1678584818354,false
7272065,0.1443000,250,17157419,17157420,1678584826087,false
7272066,0.1442000,186,17157421,17157422,1678584830079,true
7272067,0.1443000,10036,17157423,17157426,1678584832164,false
7272068,0.1443000,10408,17157427,17157430,1678584833819,false
7272069,0.1443000,5780,17157431,17157433,1678584835457,true
7272070,0.1442000,186,17157434,17157435,1678584840294,true
7272071,0.1443000,571,17157436,17157436,1678584842259,false
7272072,0.1442000,806,17157437,17157438,1678584842849,true
7272073,0.1442000,116,17157439,17157439,1678584848634,false
7272074,0.1441000,294,17157440,17157443,1678584850517,true
7272075,0.1441000,186,17157444,17157444,1678584861630,true
7272076,0.1441000,9610,17157445,17157449,1678584862112,true
7272077,0.1440000,5563,17157450,17157453,1678584862112,true
7272078,0.1441000,84,17157454,17157454,1678584862240,false
7272079,0.1441000,168,17157455,17157456,1678584864139,false
7272080,0.1441000,121,17157457,17157457,1678584864612,false
7272081,0.1441000,1934,17157458,17157460,1678584868169,false
7272082,0.1442000,87,17157461,17157461,1678584868568,false
7272083,0.1441000,186,17157462,17157462,1678584869814,true
7272084,0.1442000,634,17157463,17157463,1678584870155,false
7272085,0.1442000,4957,17157464,17157465,1678584870596,false
7272086,0.1442000,5082,17157466,17157470,1678584870707,false
7272087,0.1442000,351,17157471,17157471,1678584870884,true
7272088,0.1443000,173,17157472,17157472,1678584880330,false
7272089,0.1442000,186,17157473,17157473,1678584880984,true
7272090,0.1442000,2053,17157474,17157478,1678584881193,true
7272091,0.1442000,4624,17157479,17157480,1678584883335,true
7272092,0.1443000,173,17157481,17157481,1678584893497,false
7272093,0.1442000,186,17157482,17157482,1678584894161,true
7272094,0.1442000,2148,17157483,17157484,1678584895580,true
7272095,0.1442000,173,17157485,17157485,1678584903685,false
7272096,0.1441000,1264,17157486,17157487,1678584907726,true
7272097,0.1442000,173,17157488,17157488,1678584910881,false
7272098,0.1441000,89,17157489,17157489,1678584916976,true
7272099,0.1442000,173,17157490,17157490,1678584921125,false
7272100,0.1441000,95,17157491,17157491,1678584921506,true
7272101,0.1441000,87,17157492,17157492,1678584926158,true
7272102,0.1442000,173,17157493,17157495,1678584930362,false
7272103,0.1441000,87,17157496,17157496,1678584935283,true
7272104,0.1441000,95,17157497,17157497,1678584935808,true
7272105,0.1442000,2960,17157498,17157499,1678584935895,false
7272106,0.1442000,6465,17157500,17157505,1678584940654,true
7272107,0.1441000,264,17157506,17157506,1678584943476,true
7272108,0.1441000,87,17157507,17157507,1678584946532,true
7272109,0.1441000,95,17157508,17157508,1678584948079,true
7272110,0.1441000,87,17157509,17157509,1678584958705,true
7272111,0.1441000,95,17157510,17157510,1678584961331,true
7272112,0.1442000,1061,17157511,17157511,1678584962245,false
7272113,0.1442000,773,17157512,17157512,1678584963793,false
7272114,0.1442000,1577,17157513,17157514,1678584964592,false
7272115,0.1441000,87,17157515,17157515,1678584970832,true
7272116,0.1441000,95,17157516,17157516,1678584973504,true
7272117,0.1441000,87,17157517,17157517,1678584979007,true
7272118,0.1441000,95,17157518,17157518,1678584981779,true
7272119,0.1441000,6041,17157519,17157527,1678584985182,true
7272120,0.1441000,84,17157528,17157528,1678584987319,false
7272121,0.1440000,95,17157529,17157529,1678584989942,true
7272122,0.1441000,1074,17157530,17157531,1678584990617,false
7272123,0.1440000,107,17157532,17157532,1678584997248,true
7272124,0.1440000,104,17157533,17157533,1678585008432,true
7272125,0.1441000,224,17157534,17157534,1678585011220,false
7272126,0.1440000,2900,17157535,17157539,1678585019606,true
7272127,0.1441000,954,17157540,17157540,1678585022255,false
7272128,0.1441000,168,17157541,17157542,1678585031509,false
7272129,0.1440000,2253,17157543,17157545,1678585033798,true
7272130,0.1441000,1060,17157546,17157548,1678585035138,false
7272131,0.1440000,1031,17157549,17157550,1678585039235,true
7272132,0.1440000,104,17157551,17157551,1678585044928,true
7272133,0.1441000,859,17157552,17157552,1678585050146,false
7272134,0.1440000,104,17157553,17157553,1678585059029,true
7272135,0.1441000,80,17157554,17157554,1678585062121,false
7272136,0.1441000,59,17157555,17157555,1678585066229,false
7272137,0.1440000,2500,17157556,17157558,1678585066270,true
7272138,0.1440000,104,17157559,17157559,1678585068198,true
7272139,0.1441000,78,17157560,17157560,1678585073336,false
7272140,0.1440000,13887,17157561,17157564,1678585075359,true
7272141,0.1439000,5091,17157565,17157570,1678585075359,true
7272142,0.1440000,2198,17157571,17157577,1678585075696,false
7272143,0.1440000,168,17157578,17157579,1678585077948,false
7272144,0.1440000,168,17157580,17157581,1678585078919,false
7272145,0.1440000,403,17157582,17157584,1678585079382,false
7272146,0.1440000,1075,17157585,17157586,1678585082247,false
7272147,0.1440000,78,17157587,17157587,1678585083449,false
7272148,0.1439000,1905,17157588,17157594,1678585090861,true
7272149,0.1439000,168,17157595,17157596,1678585090887,false
7272150,0.1438000,4983,17157597,17157604,1678585091140,true
7272151,0.1437000,1995,17157605,17157606,1678585091140,true
7272152,0.1438000,219,17157607,17157607,1678585091252,false
7272153,0.1438000,55,17157608,17157608,1678585091559,false
7272154,0.1438000,168,17157609,17157610,1678585092222,false
7272155,0.1438000,168,17157611,17157612,1678585095005,false
7272156,0.1438000,956,17157613,17157613,1678585095125,false
7272157,0.1438000,78,17157614,17157614,1678585096621,false
7272158,0.1438000,210,17157615,17157616,1678585097307,false
7272159,0.1438000,55,17157617,17157617,1678585100667,false
7272160,0.1438000,418,17157618,17157619,1678585102326,false
7272161,0.1438000,780,17157620,17157622,1678585103940,false
7272162,0.1438000,78,17157623,17157623,1678585108776,false
7272163,0.1438000,55,17157624,17157624,1678585109779,false
7272164,0.1438000,1075,17157625,17157626,1678585110139,false
7272165,0.1438000,4292,17157627,17157627,1678585110793,false
7272166,0.1439000,78,17157628,17157628,1678585117886,false
7272167,0.1439000,55,17157629,17157629,1678585120934,false
7272168,0.1439000,860,17157630,17157630,1678585125153,false
7272169,0.1439000,133,17157631,17157632,1678585130087,false
7272170,0.1439000,1070,17157633,17157633,1678585142275,false
7272171,0.1439000,981,17157634,17157634,1678585147464,false
7272172,0.1440000,16814,17157635,17157641,1678585147680,false
7272173,0.1441000,687,17157642,17157642,1678585149088,false
7272174,0.1441000,856,17157643,17157643,1678585155155,false
7272175,0.1440000,4448,17157644,17157654,1678585158490,true
7272176,0.1439000,564,17157655,17157656,1678585158563,true
7272177,0.1439000,695,17157657,17157657,1678585165738,true
7272178,0.1439000,951,17157658,17157659,1678585170178,false
7272179,0.1438000,341,17157660,17157660,1678585177922,true
7272180,0.1438000,2509,17157661,17157662,1678585183117,true
7272181,0.1438000,1070,17157663,17157664,1678585185607,false
7272182,0.1437000,340,17157665,17157665,1678585187150,true
7272183,0.1437000,340,17157666,17157666,1678585196336,true
7272184,0.1437000,340,17157667,17157667,1678585204524,true
7272185,0.1437000,992,17157668,17157668,1678585204826,true
7272186,0.1437000,18896,17157669,17157676,1678585206826,true
7272187,0.1436000,13224,17157677,17157688,1678585206837,true
7272188,0.1437000,84,17157689,17157689,1678585206843,false
7272189,0.1436000,3706,17157690,17157696,1678585206843,true
7272190,0.1437000,84,17157697,17157697,1678585206846,false
7272191,0.1436000,22186,17157698,17157712,1678585206847,true
7272192,0.1435000,1444,17157713,17157716,1678585207874,true
7272193,0.1435000,340,17157717,17157717,1678585212649,true
7272194,0.1435000,2910,17157718,17157719,1678585213845,true
7272195,0.1435000,17979,17157720,17157728,1678585217236,true
7272196,0.1434000,340,17157729,17157730,1678585225837,true
7272197,0.1435000,49,17157731,17157731,1678585228584,false
7272198,0.1435000,10776,17157732,17157737,1678585230639,false
7272199,0.1435000,29241,17157738,17157755,1678585231618,true
7272200,0.1434000,25634,17157756,17157763,1678585231618,true
7272201,0.1434000,762,17157764,17157775,1678585231632,false
7272202,0.1434000,6457,17157776,17157776,1678585236865,false
7272203,0.1434000,2512,17157777,17157777,1678585237980,false
7272204,0.1433000,340,17157778,17157780,1678585238014,true
7272205,0.1434000,257,17157781,17157781,1678585238647,false
7272206,0.1434000,36021,17157782,17157801,1678585249339,false
7272207,0.1435000,147,17157802,17157802,1678585250576,false
7272208,0.1436000,60,17157803,17157803,1678585254724,false
7272209,0.1435000,3444,17157804,17157808,1678585256464,true
7272210,0.1435000,1069,17157809,17157810,1678585262258,false
7272211,0.1435000,818,17157811,17157811,1678585262552,false
7272212,0.1435000,870,17157812,17157813,1678585263036,false
7272213,0.1435000,58,17157814,17157814,1678585265853,false
7272214,0.1435000,1161,17157815,17157816,1678585268266,false
7272215,0.1436000,495,17157817,17157818,1678585268942,false
7272216,0.1437000,168,17157819,17157820,1678585268973,false
7272217,0.1437000,855,17157821,17157821,1678585275149,false
7272218,0.1438000,725,17157822,17157822,1678585276036,false
7272219,0.1438000,1758,17157823,17157826,1678585277371,true
7272220,0.1438000,58,17157827,17157827,1678585278043,false
7272221,0.1437000,649,17157828,17157830,1678585288443,true
7272222,0.1437000,8497,17157831,17157843,1678585288612,true
7272223,0.1437000,1008,17157844,17157846,1678585290145,false
7272224,0.1437000,58,17157847,17157847,1678585301384,false
7272225,0.1437000,58,17157848,17157848,1678585309576,false
7272226,0.1436000,18379,17157849,17157861,1678585309587,true
7272227,0.1435000,3531,17157862,17157865,1678585309616,true
7272228,0.1436000,252,17157866,17157868,1678585309629,false
7272229,0.1436000,168,17157869,17157870,1678585310012,false
7272230,0.1436000,84,17157871,17157871,1678585310936,false
7272231,0.1436000,58,17157872,17157872,1678585319686,false
7272232,0.1436000,811,17157873,17157873,1678585322463,false
7272233,0.1435000,3233,17157874,17157879,1678585336978,true
7272234,0.1435000,323,17157880,17157880,1678585337355,true
7272235,0.1435000,955,17157881,17157882,1678585350134,false
7272236,0.1435000,106,17157883,17157883,1678585354915,false
7272237,0.1435000,1075,17157884,17157885,1678585382270,false
7272238,0.1435000,860,17157886,17157886,1678585395179,false
7272239,0.1435000,1061,17157887,17157888,1678585410131,false
7272240,0.1434000,803,17157889,17157889,1678585443742,true
7272241,0.1434000,1193,17157890,17157892,1678585444109,true
7272242,0.1434000,1261,17157893,17157894,1678585444234,true
7272243,0.1434000,406,17157895,17157895,1678585446131,true
7272244,0.1433000,41702,17157896,17157902,1678585460358,true
7272245,0.1432000,19487,17157903,17157912,1678585460358,true
7272246,0.1431000,29936,17157913,17157924,1678585460358,true
7272247,0.1430000,1303,17157925,17157927,1678585460359,true
7272248,0.1433000,84,17157928,17157928,1678585460377,false
7272249,0.1432000,252,17157929,17157931,1678585460391,false
7272250,0.1432000,131,17157932,17157932,1678585460538,false
7272251,0.1432000,291,17157933,17157934,1678585460656,false
7272252,0.1432000,3000,17157935,17157935,1678585462102,false
7272253,0.1432000,702,17157936,17157937,1678585478801,false
7272254,0.1432000,2737,17157938,17157940,1678585492237,false
7272255,0.1432000,482,17157941,17157941,1678585493491,false
7272256,0.1432000,859,17157942,17157942,1678585502284,false
7272257,0.1432000,892,17157943,17157943,1678585502752,false
7272258,0.1431000,1833,17157944,17157945,1678585503719,true
7272259,0.1432000,858,17157946,17157947,1678585503841,false
7272260,0.1432000,5505,17157948,17157952,1678585504675,false
7272261,0.1432000,698,17157953,17157953,1678585507925,false
7272262,0.1432000,698,17157954,17157954,1678585510464,false
7272263,0.1432000,1061,17157955,17157955,1678585515131,false
7272264,0.1432000,698,17157956,17157956,1678585515468,false
7272265,0.1432000,17771,17157957,17157965,1678585520150,false
7272266,0.1433000,24641,17157966,17157979,1678585520362,false
7272267,0.1433000,2241,17157980,17157980,1678585520467,false
7272268,0.1434000,1245,17157981,17157982,1678585521826,false
7272269,0.1435000,4808,17157983,17157988,1678585523837,false
7272270,0.1435000,1115,17157989,17157990,1678585524806,false
7272271,0.1436000,84,17157991,17157991,1678585524947,false
7272272,0.1436000,1074,17157992,17157994,1678585530137,false
7272273,0.1435000,222,17157995,17157995,1678585530648,true
7272274,0.1436000,477,17157996,17157996,1678585553368,false
7272275,0.1435000,351,17157997,17157997,1678585553710,true
7272276,0.1435000,351,17157998,17157998,1678585553911,true
7272277,0.1435000,9269,17157999,17158010,1678585559750,true
7272278,0.1435000,482,17158011,17158014,1678585559862,true
7272279,0.1434000,1676,17158015,17158016,1678585559870,true
7272280,0.1435000,1087,17158017,17158017,1678585562750,false
7272281,0.1435000,863,17158018,17158019,1678585562958,false
7272282,0.1435000,647,17158020,17158020,1678585563705,false
7272283,0.1436000,1088,17158021,17158023,1678585563705,false
7272284,0.1437000,2350,17158024,17158025,1678585569417,false
7272285,0.1437000,268,17158026,17158026,1678585584604,true
7272286,0.1437000,5716,17158027,17158036,1678585590558,true
7272287,0.1436000,2767,17158037,17158043,1678585591583,true
7272288,0.1436000,772,17158044,17158045,1678585606275,false
7272289,0.1436000,3844,17158046,17158047,1678585617144,false
7272290,0.1437000,18781,17158048,17158057,1678585617144,false
7272291,0.1437000,950,17158058,17158058,1678585635170,false
7272292,0.1436000,41,17158059,17158059,1678585644581,true
7272293,0.1436000,41,17158060,17158060,1678585650597,true
7272294,0.1437000,41,17158061,17158061,1678585654643,false
7272295,0.1437000,6958,17158062,17158062,1678585663484,false
7272296,0.1437000,1055,17158063,17158063,1678585682269,false
7272297,0.1436000,922,17158064,17158065,1678585683934,true
7272298,0.1436000,48,17158066,17158066,1678585704587,true
7272299,0.1437000,688,17158067,17158068,1678585710158,false
7272300,0.1436000,48,17158069,17158069,1678585710642,true
7272301,0.1437000,949,17158070,17158073,1678585742283,false
7272302,0.1437000,1054,17158074,17158075,1678585755135,false
7272303,0.1436000,62,17158076,17158076,1678585764558,true
7272304,0.1437000,688,17158077,17158077,1678585770146,false
7272305,0.1436000,62,17158078,17158078,1678585770573,true
7272306,0.1436000,1116,17158079,17158079,1678585771176,true
7272307,0.1436000,69,17158080,17158080,1678585776692,true
7272308,0.1437000,854,17158081,17158082,1678585785174,false
7272309,0.1436000,83,17158083,17158083,1678585787502,true
7272310,0.1437000,1068,17158084,17158084,1678585802275,false
7272311,0.1437000,73,17158085,17158085,1678585812559,false
7272312,0.1437000,334,17158086,17158086,1678585820131,false
7272313,0.1436000,1872,17158087,17158089,1678585820808,true
7272314,0.1437000,262,17158090,17158090,1678585821001,false
7272315,0.1436000,1151,17158091,17158092,1678585821048,true
7272316,0.1436000,842,17158093,17158097,1678585824950,true
7272317,0.1436000,68,17158098,17158098,1678585826722,false
7272318,0.1436000,854,17158099,17158100,1678585830171,false
7272319,0.1435000,194,17158101,17158101,1678585832719,true
7272320,0.1435000,61,17158102,17158102,1678585834155,true
7272321,0.1436000,68,17158103,17158103,1678585834972,false
7272322,0.1435000,132,17158104,17158104,1678585841147,true
7272323,0.1436000,68,17158105,17158105,1678585843176,false
7272324,0.1435000,61,17158106,17158106,1678585847346,true
7272325,0.1436000,64,17158107,17158107,1678585851994,false
7272326,0.1436000,68,17158108,17158108,1678585852344,false
7272327,0.1435000,61,17158109,17158109,1678585858452,true
7272328,0.1436000,58,17158110,17158110,1678585859133,false
7272329,0.1436000,1055,17158111,17158113,1678585862277,false
7272330,0.1435000,61,17158114,17158115,1678585865626,true
7272331,0.1436000,68,17158116,17158116,1678585866533,false
7272332,0.1436000,58,17158117,17158117,1678585873301,false
7272333,0.1435000,61,17158118,17158118,1678585874798,true
7272334,0.1435000,600,17158119,17158119,1678585876254,true
7272335,0.1436000,68,17158120,17158120,1678585877704,false
7272336,0.1435000,61,17158121,17158121,1678585884015,true
7272337,0.1436000,58,17158122,17158122,1678585885428,false
7272338,0.1436000,100,17158123,17158123,1678585885699,false
7272339,0.1437000,1067,17158124,17158124,1678585890141,false
7272340,0.1437000,58,17158125,17158125,1678585893550,false
7272341,0.1437000,58,17158126,17158126,1678585905805,false
7272342,0.1437000,58,17158127,17158127,1678585912966,false
7272343,0.1436000,579,17158128,17158129,1678585922083,true
7272344,0.1437000,1068,17158130,17158130,1678585935140,false
7272345,0.1437000,149,17158131,17158131,1678585942407,false
7272346,0.1436000,1054,17158132,17158133,1678585950136,false
7272347,0.1436000,146,17158134,17158134,1678585954546,false
7272348,0.1436000,7085,17158135,17158137,1678585956232,false
7272349,0.1437000,146,17158138,17158138,1678585965790,false
7272350,0.1437000,146,17158139,17158139,1678585975964,false
7272351,0.1437000,917,17158140,17158141,1678585982246,false
7272352,0.1437000,146,17158142,17158142,1678585990084,false
7272353,0.1437000,146,17158143,17158143,1678585998182,false
7272354,0.1437000,146,17158144,17158144,1678586007412,false
7272355,0.1437000,158,17158145,17158145,1678586010354,false
7272356,0.1438000,918,17158146,17158147,1678586010354,false
7272357,0.1438000,411,17158148,17158148,1678586016342,false
7272358,0.1437000,217,17158149,17158149,1678586020977,true
7272359,0.1438000,68,17158150,17158150,1678586021651,false
7272360,0.1437000,244,17158151,17158151,1678586027069,true
7272361,0.1438000,65,17158152,17158152,1678586032831,false
7272362,0.1438000,1423,17158153,17158154,1678586042267,false
7272363,0.1438000,65,17158155,17158155,1678586043967,false
7272364,0.1438000,65,17158156,17158156,1678586051092,false
7272365,0.1438000,1139,17158157,17158157,1678586055147,false
7272366,0.1438000,65,17158158,17158158,1678586058215,false
7272367,0.1438000,9363,17158159,17158164,1678586060237,false
7272368,0.1439000,29177,17158165,17158183,1678586060241,false
7272369,0.1440000,23692,17158184,17158200,1678586060316,false
7272370,0.1441000,1659,17158201,17158203,1678586060377,false
7272371,0.1440000,372,17158204,17158204,1678586064609,true
7272372,0.1440000,13967,17158205,17158219,1678586066208,true
7272373,0.1439000,7070,17158220,17158225,1678586066218,true
7272374,0.1439000,358,17158226,17158226,1678586068565,true
7272375,0.1440000,65,17158227,17158227,1678586069468,false
7272376,0.1440000,1265,17158228,17158230,1678586070152,false
7272377,0.1439000,372,17158231,17158231,1678586070557,true
7272378,0.1439000,135,17158232,17158232,1678586078534,true
7272379,0.1440000,65,17158233,17158233,1678586081623,false
7272380,0.1439000,268,17158234,17158234,1678586087559,true
7272381,0.1440000,1779,17158235,17158236,1678586102262,false
7272382,0.1440000,4002,17158237,17158241,1678586109228,false
7272383,0.1441000,902,17158242,17158242,1678586109228,false
7272384,0.1441000,1147,17158243,17158243,1678586115134,false
7272385,0.1441000,6315,17158244,17158245,1678586117133,false
7272386,0.1441000,4654,17158246,17158249,1678586117270,false
7272387,0.1441000,726,17158250,17158250,1678586117314,true
7272388,0.1441000,1533,17158251,17158251,1678586117358,false
7272389,0.1441000,3011,17158252,17158254,1678586118519,true
7272390,0.1441000,54,17158255,17158255,1678586119029,true
7272391,0.1441000,71,17158256,17158257,1678586120591,true
7272392,0.1441000,706,17158258,17158258,1678586122234,true
7272393,0.1440000,349,17158259,17158260,1678586122234,true
7272394,0.1440000,1812,17158261,17158262,1678586122371,true
7272395,0.1440000,1576,17158263,17158264,1678586125048,true
7272396,0.1441000,328,17158265,17158265,1678586128325,false
7272397,0.1441000,1582,17158266,17158267,1678586130589,false
7272398,0.1441000,2912,17158268,17158271,1678586131987,false
7272399,0.1441000,1945,17158272,17158273,1678586138643,false
7272400,0.1442000,1988,17158274,17158275,1678586138647,false
7272401,0.1442000,1423,17158276,17158277,1678586145177,false
7272402,0.1441000,6478,17158278,17158286,1678586149651,true
7272403,0.1440000,30833,17158287,17158303,1678586149734,true
7272404,0.1440000,1424,17158304,17158306,1678586162277,false
7272405,0.1440000,206,17158307,17158307,1678586164926,false
7272406,0.1439000,1779,17158308,17158310,1678586175132,false
7272407,0.1439000,1581,17158311,17158312,1678586222301,false
7272408,0.1439000,1146,17158313,17158313,1678586250146,false
7272409,0.1438000,2074,17158314,17158317,1678586250182,true
7272410,0.1438000,8748,17158318,17158318,1678586263533,true
7272411,0.1438000,6936,17158319,17158320,1678586270175,true
7272412,0.1437000,15689,17158321,17158328,1678586270175,true
7272413,0.1438000,1778,17158329,17158330,1678586282261,false
7272414,0.1438000,1422,17158331,17158332,1678586295167,false
7272415,0.1437000,4877,17158333,17158344,1678586296526,true
7272416,0.1438000,1580,17158345,17158346,1678586310164,false
7272417,0.1437000,1643,17158347,17158349,1678586336989,true
7272418,0.1436000,1357,17158350,17158350,1678586336989,true
7272419,0.1437000,6841,17158351,17158359,1678586370160,false
7272420,0.1439000,1757,17158360,17158361,1678586385134,false
7272421,0.1438000,738,17158362,17158363,1678586392234,true
7272422,0.1437000,3073,17158364,17158369,1678586392445,true
7272423,0.1437000,3573,17158370,17158373,1678586399479,false
7272424,0.1438000,7262,17158374,17158379,1678586399769,false
7272425,0.1438000,4757,17158380,17158383,1678586399933,false
7272426,0.1438000,1553,17158384,17158385,1678586400069,false
7272427,0.1439000,2356,17158386,17158389,1678586400078,false
7272428,0.1439000,868,17158390,17158390,1678586401329,false
7272429,0.1440000,138,17158391,17158391,1678586402160,false
7272430,0.1439000,2062,17158392,17158393,1678586403537,true
7272431,0.1439000,425,17158394,17158395,1678586403688,true
7272432,0.1439000,86,17158396,17158396,1678586416669,false
7272433,0.1438000,2275,17158397,17158400,1678586424797,true
7272434,0.1439000,80,17158401,17158401,1678586425810,false
7272435,0.1438000,229,17158402,17158402,1678586428589,true
7272436,0.1438000,228,17158403,17158403,1678586430640,true
7272437,0.1439000,80,17158404,17158404,1678586435937,false
7272438,0.1439000,2000,17158405,17158406,1678586436637,false
7272439,0.1439000,12931,17158407,17158418,1678586436738,false
7272440,0.1439000,332,17158419,17158419,1678586438608,true
7272441,0.1440000,39,17158420,17158420,1678586440755,false
7272442,0.1439000,7047,17158421,17158422,1678586443933,true
7272443,0.1440000,80,17158423,17158423,1678586444140,false
7272444,0.1440000,2942,17158424,17158426,1678586448444,false
7272445,0.1439000,415,17158427,17158427,1678586448521,true
7272446,0.1439000,88,17158428,17158428,1678586450542,true
7272447,0.1440000,80,17158429,17158429,1678586452292,false
7272448,0.1439000,103,17158430,17158430,1678586454615,true
7272449,0.1439000,103,17158431,17158431,1678586458540,true
7272450,0.1439000,103,17158432,17158432,1678586460668,true
7272451,0.1440000,248,17158433,17158433,1678586462444,false
7272452,0.1439000,2103,17158434,17158437,1678586463766,true
7272453,0.1439000,3953,17158438,17158441,1678586463882,true
7272454,0.1439000,80,17158442,17158442,1678586465452,false
7272455,0.1439000,80,17158443,17158443,1678586478624,false
7272456,0.1439000,458,17158444,17158445,1678586478935,false
7272457,0.1438000,4573,17158446,17158461,1678586486190,true
7272458,0.1437000,2456,17158462,17158464,1678586490137,true
7272459,0.1437000,695,17158465,17158465,1678586504270,true
7272460,0.1436000,1138,17158466,17158468,1678586515663,true
7272461,0.1436000,18,17158469,17158469,1678586554812,true
7272462,0.1435000,2924,17158470,17158471,1678586554812,true
7272463,0.1436000,275,17158472,17158472,1678586569716,false
7272464,0.1435000,1417,17158473,17158475,1678586598717,true
7272465,0.1435000,5057,17158476,17158482,1678586607414,true
7272466,0.1434000,3471,17158483,17158486,1678586607437,true
7272467,0.1434000,4984,17158487,17158492,1678586623597,true
7272468,0.1433000,17484,17158493,17158502,1678586623597,true
7272469,0.1432000,401,17158503,17158503,1678586637274,true
7272470,0.1432000,98,17158504,17158505,1678586637598,true
7272471,0.1431000,2094,17158506,17158508,1678586640801,true
7272472,0.1432000,2407,17158509,17158512,1678586653278,false
7272473,0.1431000,3491,17158513,17158514,1678586653966,true
7272474,0.1431000,3494,17158515,17158515,1678586655569,true
7272475,0.1432000,1238,17158516,17158516,1678586658791,false
7272476,0.1431000,1238,17158517,17158517,1678586663204,true
7272477,0.1431000,3025,17158518,17158520,1678586687224,true
7272478,0.1431000,2086,17158521,17158522,1678586703389,false
7272479,0.1432000,699,17158523,17158523,1678586703871,false
7272480,0.1432000,958,17158524,17158525,1678586703994,false
7272481,0.1432000,804,17158526,17158527,1678586704115,false
7272482,0.1432000,5205,17158528,17158530,1678586704216,false
7272483,0.1433000,806,17158531,17158532,1678586707379,false
7272484,0.1432000,180,17158533,17158533,1678586728993,true
7272485,0.1433000,621,17158534,17158534,1678586729211,false
7272486,0.1433000,66,17158535,17158535,1678586735375,false
7272487,0.1432000,174,17158536,17158536,1678586742248,true
7272488,0.1432000,3302,17158537,17158544,1678586742913,true
7272489,0.1432000,61,17158545,17158545,1678586744539,false
7272490,0.1432000,123,17158546,17158546,1678586749151,false
7272491,0.1431000,9845,17158547,17158555,1678586749489,true
7272492,0.1430000,15139,17158556,17158568,1678586749504,true
7272493,0.1429000,5296,17158569,17158576,1678586749585,true
7272494,0.1428000,27,17158577,17158577,1678586749588,true
7272495,0.1429000,11574,17158578,17158590,1678586749613,false
7272496,0.1429000,916,17158591,17158591,1678586750914,true
7272497,0.1429000,846,17158592,17158592,1678586752105,true
7272498,0.1429000,174,17158593,17158594,1678586753482,true
7272499,0.1430000,61,17158595,17158595,1678586753697,false
7272500,0.1430000,123,17158596,17158596,1678586760279,false
7272501,0.1430000,825,17158597,17158599,1678586760688,false
7272502,0.1431000,1614,17158600,17158602,1678586762123,false
7272503,0.1430000,174,17158603,17158603,1678586763592,true
7272504,0.1430000,1225,17158604,17158605,1678586765095,true
7272505,0.1431000,61,17158606,17158606,1678586766892,false
7272506,0.1431000,123,17158607,17158607,1678586773420,false
7272507,0.1431000,13754,17158608,17158612,1678586773728,false
7272508,0.1431000,174,17158613,17158613,1678586773774,true
7272509,0.1432000,61,17158614,17158614,1678586779057,false
7272510,0.1432000,123,17158615,17158615,1678586785559,false
7272511,0.1431000,174,17158616,17158616,1678586785890,true
7272512,0.1432000,61,17158617,17158617,1678586787185,false
7272513,0.1432000,174,17158618,17158618,1678586793066,true
7272514,0.1433000,61,17158619,17158619,1678586795379,false
7272515,0.1433000,123,17158620,17158620,1678586795749,false
7272516,0.1432000,136,17158621,17158621,1678586804467,true
7272517,0.1433000,123,17158622,17158622,1678586805874,false
7272518,0.1432000,395,17158623,17158623,1678586806063,true
7272519,0.1433000,123,17158624,17158624,1678586813057,false
7272520,0.1432000,392,17158625,17158626,1678586817205,true
7272521,0.1432000,135,17158627,17158627,1678586817593,true
7272522,0.1433000,69,17158628,17158628,1678586818760,false
7272523,0.1432000,231,17158629,17158631,1678586826892,true
7272524,0.1432000,135,17158632,17158632,1678586828716,true
7272525,0.1432000,392,17158633,17158634,1678586831394,true
7272526,0.1432000,135,17158635,17158635,1678586837826,true
7272527,0.1432000,392,17158636,17158637,1678586839579,true
7272528,0.1432000,392,17158638,17158639,1678586846827,true
7272529,0.1432000,135,17158640,17158640,1678586851984,true
7272530,0.1432000,392,17158641,17158641,1678586857013,true
7272531,0.1432000,135,17158642,17158642,1678586862095,true
7272532,0.1432000,8213,17158643,17158652,1678586867009,true
7272533,0.1431000,2844,17158653,17158655,1678586867017,true
7272534,0.1431000,392,17158656,17158656,1678586871175,true
7272535,0.1431000,135,17158657,17158657,1678586876202,true
7272536,0.1431000,109,17158658,17158658,1678586891257,true
7272537,0.1431000,103,17158659,17158659,1678586904470,true
7272538,0.1431000,103,17158660,17158660,1678586912642,true
7272539,0.1431000,103,17158661,17158661,1678586925785,true
7272540,0.1432000,64,17158662,17158662,1678586934312,false
7272541,0.1431000,103,17158663,17158663,1678586936967,true
7272542,0.1431000,103,17158664,17158664,1678586944151,true
7272543,0.1432000,64,17158665,17158665,1678586948460,false
7272544,0.1431000,889,17158666,17158667,1678586950899,true
7272545,0.1431000,146,17158668,17158668,1678586954762,true
7272546,0.1431000,103,17158669,17158669,1678586957299,true
7272547,0.1432000,64,17158670,17158670,1678586962570,false
7272548,0.1431000,145,17158671,17158671,1678586965926,true
7272549,0.1432000,64,17158672,17158672,1678586970804,false
7272550,0.1431000,5683,17158673,17158674,1678586974245,true
7272551,0.1431000,4256,17158675,17158680,1678586974350,true
7272552,0.1431000,64,17158681,17158681,1678586979932,false
7272553,0.1430000,145,17158682,17158682,1678586980102,true
7272554,0.1430000,2000,17158683,17158685,1678586985566,true
7272555,0.1430000,145,17158686,17158686,1678586988269,true
7272556,0.1430000,27877,17158687,17158694,1678586989081,true
7272557,0.1431000,64,17158695,17158695,1678586992053,false
7272558,0.1430000,145,17158696,17158696,1678586998524,true
7272559,0.1430000,690,17158697,17158697,1678587002678,true
7272560,0.1431000,64,17158698,17158698,1678587003302,false
7272561,0.1430000,11523,17158699,17158699,1678587003387,true
7272562,0.1430000,108,17158700,17158700,1678587004194,true
7272563,0.1430000,1744,17158701,17158701,1678587004903,true
7272564,0.1430000,690,17158702,17158702,1678587006329,true
7272565,0.1430000,145,17158703,17158703,1678587012789,true
7272566,0.1430000,399,17158704,17158704,1678587020037,true
7272567,0.1430000,145,17158705,17158705,1678587020974,true
7272568,0.1430000,817,17158706,17158706,1678587022068,true
7272569,0.1430000,1601,17158707,17158707,1678587023413,true
7272570,0.1431000,123,17158708,17158708,1678587024650,false
7272571,0.1431000,478,17158709,17158709,1678587030583,false
7272572,0.1430000,184,17158710,17158710,1678587110678,true
7272573,0.1431000,87,17158711,17158711,1678587122662,false
7272574,0.1430000,795,17158712,17158712,1678587122802,true
7272575,0.1430000,182,17158713,17158713,1678587123839,true
7272576,0.1431000,81,17158714,17158714,1678587129844,false
7272577,0.1430000,182,17158715,17158715,1678587132067,true
7272578,0.1430000,182,17158716,17158716,1678587139177,true
7272579,0.1431000,81,17158717,17158717,1678587144032,false
7272580,0.1430000,182,17158718,17158718,1678587147371,true
7272581,0.1431000,81,17158719,17158719,1678587152164,false
7272582,0.1430000,182,17158720,17158720,1678587155551,true
7272583,0.1430000,182,17158721,17158721,1678587162710,true
7272584,0.1431000,81,17158722,17158722,1678587163342,false
7272585,0.1431000,81,17158723,17158723,1678587172452,false
7272586,0.1431000,81,17158724,17158724,1678587185704,false
7272587,0.1430000,262,17158725,17158725,1678587219900,true
7272588,0.1430000,89,17158726,17158726,1678587266976,true
7272589,0.1430000,829,17158727,17158727,1678587302243,true
7272590,0.1430000,1168,17158728,17158728,1678587302764,true
7272591,0.1430000,718,17158729,17158729,1678587302877,true
7272592,0.1430000,2170,17158730,17158730,1678587306059,true
7272593,0.1430000,42,17158731,17158731,1678587309402,true
7272594,0.1430000,1286,17158732,17158732,1678587310868,true
7272595,0.1430000,3354,17158733,17158733,1678587321157,true
7272596,0.1430000,2657,17158734,17158734,1678587322237,true
7272597,0.1431000,139,17158735,17158735,1678587324552,false
7272598,0.1430000,2698,17158736,17158736,1678587325832,true
7272599,0.1431000,202,17158737,17158739,1678587329686,false
7272600,0.1431000,139,17158740,17158740,1678587330607,false
7272601,0.1430000,1726,17158741,17158742,1678587362702,true
7272602,0.1430000,829,17158743,17158743,1678587363196,true
7272603,0.1430000,922,17158744,17158744,1678587363667,true
7272604,0.1430000,357,17158745,17158745,1678587364786,true
7272605,0.1431000,2053,17158746,17158747,1678587374098,false
7272606,0.1430000,1397,17158748,17158748,1678587405330,true
7272607,0.1430000,2812,17158749,17158750,1678587446330,true
7272608,0.1431000,2407,17158751,17158753,1678587448571,false
7272609,0.1430000,2500,17158754,17158754,1678587454097,true
7272610,0.1430000,838,17158755,17158755,1678587483642,true
7272611,0.1430000,1131,17158756,17158756,1678587484009,true
7272612,0.1431000,6713,17158757,17158760,1678587555463,false
7272613,0.1431000,59,17158761,17158761,1678587568394,false
7272614,0.1430000,778,17158762,17158762,1678587604687,true
7272615,0.1430000,2017,17158763,17158763,1678587604943,true
7272616,0.1430000,4625,17158764,17158764,1678587619378,true
7272617,0.1430000,2190,17158765,17158765,1678587621738,true
7272618,0.1430000,1033,17158766,17158766,1678587624079,true
7272619,0.1431000,187,17158767,17158767,1678587624636,false
7272620,0.1431000,186,17158768,17158768,1678587630633,false
7272621,0.1430000,8003,17158769,17158778,1678587662731,true
7272622,0.1429000,730,17158779,17158780,1678587662866,true
7272623,0.1429000,1505,17158781,17158781,1678587663880,true
7272624,0.1429000,91,17158782,17158782,1678587682983,false
7272625,0.1429000,187,17158783,17158783,1678587684622,false
7272626,0.1429000,191,17158784,17158784,1678587688561,false
7272627,0.1429000,188,17158785,17158785,1678587690546,false
7272628,0.1429000,241,17158786,17158787,1678587691579,false
7272629,0.1429000,87,17158788,17158788,1678587693194,false
7272630,0.1429000,284,17158789,17158789,1678587701361,false
7272631,0.1429000,87,17158790,17158791,1678587704382,false
7272632,0.1428000,242,17158792,17158792,1678587705625,true
7272633,0.1429000,66,17158793,17158793,1678587705893,false
7272634,0.1428000,144,17158794,17158794,1678587707835,true
7272635,0.1429000,60,17158795,17158795,1678587713033,false
