agg_trade_id,price,quantity,first_trade_id,last_trade_id,transact_time,is_buyer_maker
6490066,0.2335000,1478,15160259,15160259,1677283200139,false
6490067,0.2336000,826,15160260,15160261,1677283204050,false
6490068,0.2335000,445,15160262,15160262,1677283204120,true
6490069,0.2336000,6476,15160263,15160272,1677283204124,false
6490070,0.2337000,3023,15160273,15160274,1677283204206,false
6490071,0.2335000,2640,15160275,15160277,1677283206073,true
6490072,0.2335000,1070,15160278,15160278,1677283206711,true
6490073,0.2336000,1594,15160279,15160279,1677283207239,false
6490074,0.2337000,5210,15160280,15160282,1677283207239,false
6490075,0.2337000,507,15160283,15160283,1677283207383,false
6490076,0.2336000,469,15160284,15160284,1677283207407,true
6490077,0.2337000,231,15160285,15160285,1677283207488,false
6490078,0.2338000,4736,15160286,15160288,1677283207488,false
6490079,0.2338000,2116,15160289,15160290,1677283207621,false
6490080,0.2339000,2730,15160291,15160294,1677283207621,false
6490081,0.2338000,1278,15160295,15160295,1677283207872,false
6490082,0.2339000,849,15160296,15160297,1677283207872,false
6490083,0.2339000,1923,15160298,15160298,1677283207981,false
6490084,0.2340000,11361,15160299,15160304,1677283208324,false
6490085,0.2341000,15268,15160305,15160309,1677283208324,false
6490086,0.2342000,7732,15160310,15160315,1677283208324,false
6490087,0.2343000,7073,15160316,15160319,1677283208324,false
6490088,0.2344000,12682,15160320,15160325,1677283208324,false
6490089,0.2341000,444,15160326,15160326,1677283208421,false
6490090,0.2344000,1611,15160327,15160328,1677283208421,false
6490091,0.2344000,2670,15160329,15160329,1677283208569,false
6490092,0.2345000,7756,15160330,15160331,1677283208569,false
6490093,0.2339000,2715,15160332,15160333,1677283208692,false
6490094,0.2344000,3064,15160334,15160334,1677283208692,false
6490095,0.2342000,1453,15160335,15160335,1677283209636,false
6490096,0.2343000,16730,15160336,15160340,1677283209636,false
6490097,0.2344000,7500,15160341,15160344,1677283209658,false
6490098,0.2345000,7420,15160345,15160346,1677283209678,false
6490099,0.2344000,660,15160347,15160347,1677283209812,true
6490100,0.2345000,3821,15160348,15160348,1677283210288,false
6490101,0.2344000,3188,15160349,15160349,1677283210328,true
6490102,0.2345000,813,15160350,15160350,1677283210362,false
6490103,0.2345000,1514,15160351,15160351,1677283210524,false
6490104,0.2345000,12204,15160352,15160353,1677283210840,false
6490105,0.2345000,3047,15160354,15160354,1677283211004,false
6490106,0.2345000,1423,15160355,15160355,1677283211155,false
6490107,0.2345000,4417,15160356,15160358,1677283211443,false
6490108,0.2344000,501,15160359,15160360,1677283211564,true
6490109,0.2345000,1560,15160361,15160364,1677283211574,false
6490110,0.2345000,170,15160365,15160365,1677283211741,false
6490111,0.2346000,643,15160366,15160367,1677283211741,false
6490112,0.2345000,298,15160368,15160368,1677283212077,true
6490113,0.2346000,6491,15160369,15160374,1677283212579,false
6490114,0.2347000,1361,15160375,15160377,1677283212703,false
6490115,0.2347000,1625,15160378,15160380,1677283212870,false
6490116,0.2347000,779,15160381,15160381,1677283213007,false
6490117,0.2348000,3481,15160382,15160386,1677283213007,false
6490118,0.2347000,429,15160387,15160387,1677283213339,true
6490119,0.2348000,5951,15160388,15160389,1677283213646,false
6490120,0.2348000,2518,15160390,15160390,1677283213953,false
6490121,0.2349000,6296,15160391,15160397,1677283213953,false
6490122,0.2350000,9486,15160398,15160409,1677283213954,false
6490123,0.2349000,52,15160410,15160410,1677283213967,true
6490124,0.2350000,339,15160411,15160413,1677283213995,true
6490125,0.2350000,366,15160414,15160414,1677283214193,true
6490126,0.2350000,2000,15160415,15160416,1677283214433,true
6490127,0.2351000,1724,15160417,15160419,1677283214724,false
6490128,0.2352000,6444,15160420,15160428,1677283214724,false
6490129,0.2353000,4670,15160429,15160434,1677283214724,false
6490130,0.2352000,9335,15160435,15160442,1677283214755,true
6490131,0.2351000,5859,15160443,15160446,1677283214827,true
6490132,0.2352000,950,15160447,15160447,1677283214860,true
6490133,0.2353000,3073,15160448,15160449,1677283215097,false
6490134,0.2354000,4187,15160450,15160454,1677283215097,false
6490135,0.2355000,3378,15160455,15160458,1677283215097,false
6490136,0.2354000,1427,15160459,15160460,1677283215115,true
6490137,0.2354000,297,15160461,15160462,1677283215342,true
6490138,0.2355000,1592,15160463,15160464,1677283215680,false
6490139,0.2356000,7240,15160465,15160472,1677283215680,false
6490140,0.2357000,7934,15160473,15160477,1677283215762,false
6490141,0.2357000,5600,15160478,15160481,1677283216126,false
6490142,0.2358000,5059,15160482,15160486,1677283216126,false
6490143,0.2356000,3415,15160487,15160488,1677283216126,true
6490144,0.2355000,6199,15160489,15160497,1677283216126,true
6490145,0.2358000,626,15160498,15160499,1677283216255,false
6490146,0.2356000,877,15160500,15160501,1677283216341,true
6490147,0.2355000,3725,15160502,15160504,1677283216374,true
6490148,0.2354000,2155,15160505,15160507,1677283216421,true
6490149,0.2355000,1496,15160508,15160510,1677283216458,true
6490150,0.2354000,2327,15160511,15160511,1677283216507,true
6490151,0.2353000,814,15160512,15160512,1677283216507,true
6490152,0.2354000,1496,15160513,15160514,1677283216535,true
6490153,0.2353000,7323,15160515,15160519,1677283216577,true
6490154,0.2354000,496,15160520,15160521,1677283216644,true
6490155,0.2355000,732,15160522,15160522,1677283216699,false
6490156,0.2356000,2179,15160523,15160525,1677283216699,false
6490157,0.2356000,100,15160526,15160526,1677283216823,false
6490158,0.2354000,65,15160527,15160527,1677283216927,true
6490159,0.2354000,2475,15160528,15160528,1677283216949,false
6490160,0.2354000,1496,15160529,15160529,1677283217079,true
6490161,0.2353000,2187,15160530,15160532,1677283217079,true
6490162,0.2353000,1721,15160533,15160533,1677283217246,true
6490163,0.2354000,42,15160534,15160534,1677283217491,false
6490164,0.2354000,813,15160535,15160535,1677283217700,true
6490165,0.2354000,172,15160536,15160536,1677283217858,true
6490166,0.2355000,151,15160537,15160537,1677283218047,false
6490167,0.2354000,181,15160538,15160539,1677283218138,true
6490168,0.2355000,300,15160540,15160541,1677283218370,false
6490169,0.2354000,23,15160542,15160542,1677283218589,true
6490170,0.2355000,156,15160543,15160543,1677283218665,false
6490171,0.2356000,1770,15160544,15160545,1677283218665,false
6490172,0.2357000,2254,15160546,15160546,1677283218750,false
6490173,0.2356000,65,15160547,15160547,1677283218778,true
6490174,0.2358000,4242,15160548,15160549,1677283218783,true
6490175,0.2356000,399,15160550,15160550,1677283218785,true
6490176,0.2357000,731,15160551,15160551,1677283218785,true
6490177,0.2356000,1829,15160552,15160553,1677283218785,true
6490178,0.2355000,1178,15160554,15160554,1677283218785,true
6490179,0.2357000,2918,15160555,15160557,1677283218806,true
6490180,0.2357000,1366,15160558,15160558,1677283218929,true
6490181,0.2356000,8,15160559,15160559,1677283218929,true
6490182,0.2357000,2580,15160560,15160561,1677283218998,true
6490183,0.2359000,543,15160562,15160565,1677283219074,false
6490184,0.2358000,739,15160566,15160566,1677283219081,true
6490185,0.2358000,78,15160567,15160567,1677283219227,true
6490186,0.2357000,1118,15160568,15160568,1677283219315,true
6490187,0.2357000,1442,15160569,15160570,1677283219436,true
6490188,0.2358000,1936,15160571,15160572,1677283219572,false
6490189,0.2359000,3982,15160573,15160575,1677283219572,false
6490190,0.2358000,1041,15160576,15160578,1677283219718,true
6490191,0.2358000,573,15160579,15160581,1677283220027,true
6490192,0.2358000,52,15160582,15160582,1677283220270,true
6490193,0.2359000,1765,15160583,15160584,1677283220344,false
6490194,0.2360000,6217,15160585,15160590,1677283220344,false
6490195,0.2360000,1763,15160591,15160592,1677283220421,true
6490196,0.2360000,721,15160593,15160594,1677283220560,true
6490197,0.2360000,425,15160595,15160595,1677283220707,true
6490198,0.2361000,2849,15160596,15160598,1677283220711,false
6490199,0.2362000,844,15160599,15160600,1677283220711,false
6490200,0.2360000,522,15160601,15160601,1677283220730,true
6490201,0.2361000,426,15160602,15160602,1677283220756,true
6490202,0.2362000,1070,15160603,15160604,1677283220777,false
6490203,0.2361000,804,15160605,15160606,1677283220788,true
6490204,0.2360000,2574,15160607,15160612,1677283220791,true
6490205,0.2360000,269,15160613,15160614,1677283220992,true
6490206,0.2360000,795,15160615,15160616,1677283221126,true
6490207,0.2361000,42,15160617,15160617,1677283221212,false
6490208,0.2360000,2399,15160618,15160619,1677283221261,true
6490209,0.2359000,174,15160620,15160621,1677283221297,true
6490210,0.2358000,2999,15160622,15160625,1677283221497,true
6490211,0.2357000,4791,15160626,15160626,1677283221550,true
6490212,0.2356000,11725,15160627,15160634,1677283221550,true
6490213,0.2355000,212,15160635,15160635,1677283221621,true
6490214,0.2356000,8270,15160636,15160637,1677283221632,true
6490215,0.2356000,393,15160638,15160638,1677283221737,false
6490216,0.2355000,3984,15160639,15160641,1677283221757,true
6490217,0.2356000,406,15160642,15160642,1677283222252,false
6490218,0.2355000,241,15160643,15160643,1677283222459,true
6490219,0.2355000,518,15160644,15160644,1677283222633,true
6490220,0.2356000,479,15160645,15160646,1677283222820,false
6490221,0.2356000,171,15160647,15160647,1677283222940,false
6490222,0.2355000,297,15160648,15160648,1677283223049,true
6490223,0.2355000,649,15160649,15160649,1677283223363,true
6490224,0.2356000,4614,15160650,15160652,1677283223614,false
6490225,0.2356000,3824,15160653,15160654,1677283223654,true
6490226,0.2357000,7053,15160655,15160656,1677283223655,false
6490227,0.2357000,1282,15160657,15160657,1677283223730,true
6490228,0.2357000,1037,15160658,15160659,1677283223878,true
6490229,0.2357000,519,15160660,15160660,1677283224127,true
6490230,0.2357000,6601,15160661,15160663,1677283224262,true
6490231,0.2356000,4012,15160664,15160665,1677283224262,true
6490232,0.2355000,1451,15160666,15160668,1677283224336,true
6490233,0.2355000,908,15160669,15160670,1677283224437,true
6490234,0.2356000,42,15160671,15160671,1677283224468,false
6490235,0.2355000,17768,15160672,15160672,1677283224570,true
6490236,0.2356000,145,15160673,15160673,1677283224720,false
6490237,0.2356000,1368,15160674,15160675,1677283225234,false
6490238,0.2356000,425,15160676,15160676,1677283225346,true
6490239,0.2356000,12227,15160677,15160678,1677283225460,true
6490240,0.2355000,5541,15160679,15160680,1677283225460,true
6490241,0.2356000,4104,15160681,15160681,1677283225503,false
6490242,0.2356000,5,15160682,15160682,1677283226227,true
6490243,0.2356000,5,15160683,15160683,1677283226351,true
6490244,0.2357000,779,15160684,15160684,1677283226545,false
6490245,0.2358000,4166,15160685,15160687,1677283226545,false
6490246,0.2357000,297,15160688,15160688,1677283226889,true
6490247,0.2357000,384,15160689,15160689,1677283227532,true
6490248,0.2358000,41,15160690,15160690,1677283227801,false
6490249,0.2358000,3622,15160691,15160695,1677283228153,false
6490250,0.2359000,1166,15160696,15160697,1677283228178,false
6490251,0.2358000,212,15160698,15160698,1677283228219,true
6490252,0.2358000,296,15160699,15160699,1677283228589,true
6490253,0.2359000,338,15160700,15160700,1677283228656,false
6490254,0.2360000,3435,15160701,15160702,1677283228656,false
6490255,0.2361000,6055,15160703,15160705,1677283228683,false
6490256,0.2362000,4820,15160706,15160707,1677283228683,false
6490257,0.2363000,11432,15160708,15160714,1677283228683,false
6490258,0.2364000,11667,15160715,15160720,1677283228685,false
6490259,0.2365000,1988,15160721,15160725,1677283228685,false
6490260,0.2362000,4236,15160726,15160727,1677283228686,true
6490261,0.2360000,5094,15160728,15160730,1677283228692,true
6490262,0.2359000,2541,15160731,15160732,1677283228693,true
6490263,0.2361000,868,15160733,15160735,1677283228714,true
6490264,0.2362000,441,15160736,15160737,1677283228758,true
6490265,0.2362000,739,15160738,15160739,1677283229246,true
6490266,0.2362000,6920,15160740,15160742,1677283229428,true
6490267,0.2360000,231,15160743,15160743,1677283229443,true
6490268,0.2361000,743,15160744,15160744,1677283229489,true
6490269,0.2360000,1284,15160745,15160746,1677283229489,true
6490270,0.2359000,1594,15160747,15160748,1677283229503,true
6490271,0.2360000,1750,15160749,15160749,1677283229505,false
6490272,0.2361000,1394,15160750,15160750,1677283229546,false
6490273,0.2361000,153,15160751,15160751,1677283229997,false
6490274,0.2362000,5676,15160752,15160754,1677283229997,false
6490275,0.2363000,8426,15160755,15160757,1677283229997,false
6490276,0.2364000,4327,15160758,15160760,1677283229997,false
6490277,0.2365000,28,15160761,15160761,1677283229997,false
6490278,0.2362000,73,15160762,15160762,1677283230026,true
6490279,0.2362000,327,15160763,15160763,1677283230253,true
6490280,0.2362000,296,15160764,15160764,1677283230370,true
6490281,0.2362000,848,15160765,15160765,1677283230744,true
6490282,0.2363000,330,15160766,15160766,1677283230764,false
6490283,0.2364000,1156,15160767,15160768,1677283230764,false
6490284,0.2362000,5,15160769,15160769,1677283231041,true
6490285,0.2363000,167,15160770,15160770,1677283231231,false
6490286,0.2363000,770,15160771,15160771,1677283231343,false
6490287,0.2363000,547,15160772,15160772,1677283231446,false
6490288,0.2363000,6509,15160773,15160775,1677283231807,false
6490289,0.2365000,227,15160776,15160776,1677283231843,false
6490290,0.2364000,2056,15160777,15160777,1677283231861,false
6490291,0.2365000,2388,15160778,15160780,1677283231861,false
6490292,0.2366000,1969,15160781,15160786,1677283231861,false
6490293,0.2364000,987,15160787,15160787,1677283231881,true
6490294,0.2365000,1202,15160788,15160788,1677283231964,true
6490295,0.2364000,425,15160789,15160790,1677283231981,true
6490296,0.2364000,3247,15160791,15160792,1677283232145,true
6490297,0.2364000,402,15160793,15160793,1677283232436,false
6490298,0.2363000,1125,15160794,15160794,1677283232504,true
6490299,0.2362000,3795,15160795,15160796,1677283232504,true
6490300,0.2362000,529,15160797,15160798,1677283232617,true
6490301,0.2361000,527,15160799,15160799,1677283232617,true
6490302,0.2361000,846,15160800,15160800,1677283232887,true
6490303,0.2360000,1254,15160801,15160801,1677283232887,true
6490304,0.2359000,2100,15160802,15160802,1677283232962,true
6490305,0.2359000,1610,15160803,15160806,1677283233532,true
6490306,0.2360000,1445,15160807,15160808,1677283233576,false
6490307,0.2361000,5229,15160809,15160811,1677283233576,false
6490308,0.2360000,822,15160812,15160812,1677283233587,true
6490309,0.2361000,2992,15160813,15160813,1677283233613,false
6490310,0.2362000,4698,15160814,15160815,1677283233613,false
6490311,0.2360000,1645,15160816,15160817,1677283233622,true
6490312,0.2360000,700,15160818,15160819,1677283233871,true
6490313,0.2361000,171,15160820,15160820,1677283234058,false
6490314,0.2361000,1961,15160821,15160821,1677283234194,false
6490315,0.2361000,145,15160822,15160822,1677283234908,false
6490316,0.2360000,2100,15160823,15160823,1677283234922,true
6490317,0.2361000,84,15160824,15160824,1677283235127,false
6490318,0.2360000,2872,15160825,15160827,1677283235164,true
6490319,0.2361000,2094,15160828,15160830,1677283235560,false
6490320,0.2362000,4475,15160831,15160832,1677283235560,false
6490321,0.2363000,8348,15160833,15160836,1677283235582,false
6490322,0.2363000,474,15160837,15160837,1677283235979,false
6490323,0.2362000,390,15160838,15160838,1677283236209,true
6490324,0.2361000,570,15160839,15160839,1677283236514,true
6490325,0.2361000,2100,15160840,15160841,1677283237170,true
6490326,0.2362000,1295,15160842,15160843,1677283237681,false
6490327,0.2363000,2176,15160844,15160846,1677283237681,false
6490328,0.2362000,1710,15160847,15160848,1677283237843,true
6490329,0.2362000,700,15160849,15160849,1677283238341,true
6490330,0.2363000,3440,15160850,15160852,1677283238454,false
6490331,0.2363000,588,15160853,15160853,1677283238740,false
6490332,0.2364000,13297,15160854,15160859,1677283238740,false
6490333,0.2365000,8478,15160860,15160863,1677283238740,false
6490334,0.2364000,1818,15160864,15160865,1677283238762,true
6490335,0.2365000,6668,15160866,15160867,1677283238764,false
6490336,0.2365000,1638,15160868,15160871,1677283238786,true
6490337,0.2365000,3944,15160872,15160878,1677283238897,true
6490338,0.2364000,8753,15160879,15160884,1677283239008,true
6490339,0.2364000,700,15160885,15160886,1677283239122,true
6490340,0.2364000,356,15160887,15160887,1677283239234,true
6490341,0.2364000,1535,15160888,15160889,1677283239351,true
6490342,0.2365000,2880,15160890,15160891,1677283239485,false
6490343,0.2366000,7007,15160892,15160895,1677283239485,false
6490344,0.2367000,6311,15160896,15160898,1677283239485,false
6490345,0.2368000,8831,15160899,15160904,1677283239485,false
6490346,0.2366000,2885,15160905,15160906,1677283239509,true
6490347,0.2365000,8143,15160907,15160911,1677283239509,true
6490348,0.2366000,1503,15160912,15160913,1677283239510,true
6490349,0.2365000,620,15160914,15160914,1677283239511,true
6490350,0.2364000,2945,15160915,15160917,1677283239511,true
6490351,0.2367000,425,15160918,15160918,1677283239513,true
6490352,0.2368000,6289,15160919,15160920,1677283239515,false
6490353,0.2368000,11091,15160921,15160924,1677283239523,true
6490354,0.2365000,5934,15160925,15160926,1677283239524,true
6490355,0.2365000,331,15160927,15160927,1677283239545,false
6490356,0.2368000,402,15160928,15160928,1677283239560,false
6490357,0.2366000,3312,15160929,15160929,1677283239725,true
6490358,0.2364000,1178,15160930,15160930,1677283240092,true
6490359,0.2365000,635,15160931,15160931,1677283240561,true
6490360,0.2364000,1415,15160932,15160935,1677283240561,true
6490361,0.2365000,6156,15160936,15160936,1677283240663,false
6490362,0.2365000,5583,15160937,15160938,1677283240882,true
6490363,0.2364000,764,15160939,15160940,1677283241134,true
6490364,0.2365000,321,15160941,15160942,1677283241232,false
6490365,0.2364000,350,15160943,15160943,1677283241338,true
6490366,0.2365000,547,15160944,15160944,1677283241574,false
6490367,0.2364000,3090,15160945,15160946,1677283241632,true
6490368,0.2363000,2929,15160947,15160948,1677283241632,true
6490369,0.2364000,7935,15160949,15160950,1677283241688,false
6490370,0.2365000,10182,15160951,15160956,1677283241688,false
6490371,0.2366000,748,15160957,15160957,1677283241705,false
6490372,0.2365000,1456,15160958,15160959,1677283242079,false
6490373,0.2364000,158,15160960,15160960,1677283242543,true
6490374,0.2364000,1050,15160961,15160961,1677283242736,true
6490375,0.2365000,166,15160962,15160963,1677283243340,false
6490376,0.2364000,1145,15160964,15160965,1677283243437,true
6490377,0.2364000,845,15160966,15160966,1677283243576,true
6490378,0.2365000,1337,15160967,15160968,1677283243611,false
6490379,0.2364000,1756,15160969,15160971,1677283244117,true
6490380,0.2364000,5951,15160972,15160972,1677283244445,true
6490381,0.2364000,1389,15160973,15160974,1677283245028,true
6490382,0.2365000,2114,15160975,15160975,1677283245126,false
6490383,0.2364000,208,15160976,15160976,1677283245820,true
6490384,0.2365000,389,15160977,15160977,1677283245950,false
6490385,0.2364000,1319,15160978,15160979,1677283245977,true
6490386,0.2364000,706,15160980,15160980,1677283246082,true
6490387,0.2364000,1405,15160981,15160983,1677283246255,true
6490388,0.2364000,1367,15160984,15160984,1677283246401,true
6490389,0.2364000,706,15160985,15160985,1677283247056,true
6490390,0.2364000,625,15160986,15160986,1677283247253,true
6490391,0.2364000,1509,15160987,15160987,1677283247491,true
6490392,0.2365000,3608,15160988,15160989,1677283247493,false
6490393,0.2366000,8490,15160990,15160993,1677283247493,false
6490394,0.2364000,6700,15160994,15160996,1677283247500,true
6490395,0.2365000,86,15160997,15160997,1677283247653,true
6490396,0.2366000,5253,15160998,15160999,1677283247727,false
6490397,0.2365000,3493,15161000,15161003,1677283247749,true
6490398,0.2364000,14873,15161004,15161012,1677283247766,true
6490399,0.2365000,474,15161013,15161013,1677283248092,false
6490400,0.2364000,1050,15161014,15161014,1677283248537,true
6490401,0.2365000,150,15161015,15161015,1677283249361,false
6490402,0.2365000,501,15161016,15161016,1677283249580,false
6490403,0.2364000,1050,15161017,15161018,1677283249620,true
6490404,0.2365000,402,15161019,15161019,1677283249669,false
6490405,0.2364000,350,15161020,15161020,1677283249861,true
6490406,0.2364000,529,15161021,15161022,1677283250124,true
6490407,0.2365000,145,15161023,15161023,1677283250251,false
6490408,0.2364000,1050,15161024,15161024,1677283250251,true
6490409,0.2364000,467,15161025,15161025,1677283250352,true
6490410,0.2365000,166,15161026,15161026,1677283250436,false
6490411,0.2364000,1000,15161027,15161027,1677283250523,true
6490412,0.2364000,6360,15161028,15161032,1677283250966,true
6490413,0.2364000,706,15161033,15161033,1677283251104,true
6490414,0.2364000,296,15161034,15161034,1677283251400,true
6490415,0.2364000,158,15161035,15161035,1677283252202,true
6490416,0.2364000,2984,15161036,15161036,1677283252516,true
6490417,0.2364000,769,15161037,15161038,1677283252730,true
6490418,0.2364000,2050,15161039,15161039,1677283252956,true
6490419,0.2364000,706,15161040,15161040,1677283253071,true
6490420,0.2365000,5278,15161041,15161044,1677283253081,false
6490421,0.2366000,653,15161045,15161046,1677283253700,false
6490422,0.2366000,89,15161047,15161047,1677283253857,false
6490423,0.2365000,296,15161048,15161048,1677283253922,true
6490424,0.2366000,238,15161049,15161049,1677283254058,false
6490425,0.2365000,706,15161050,15161050,1677283254058,true
6490426,0.2366000,1090,15161051,15161051,1677283254504,false
6490427,0.2365000,706,15161052,15161052,1677283255042,true
6490428,0.2366000,389,15161053,15161053,1677283255059,false
6490429,0.2366000,171,15161054,15161054,1677283255344,false
6490430,0.2365000,2345,15161055,15161056,1677283255785,true
6490431,0.2365000,1695,15161057,15161057,1677283256260,true
6490432,0.2365000,473,15161058,15161058,1677283256476,true
6490433,0.2366000,13580,15161059,15161064,1677283256783,false
6490434,0.2367000,444,15161065,15161065,1677283256800,false
6490435,0.2367000,1374,15161066,15161068,1677283256954,true
6490436,0.2367000,706,15161069,15161070,1677283257120,true
6490437,0.2368000,474,15161071,15161072,1677283257214,false
6490438,0.2367000,281,15161073,15161073,1677283257265,true
6490439,0.2367000,3520,15161074,15161074,1677283257473,true
6490440,0.2368000,149,15161075,15161075,1677283258464,false
6490441,0.2369000,3124,15161076,15161080,1677283258464,false
6490442,0.2370000,2175,15161081,15161087,1677283258518,false
6490443,0.2369000,2559,15161088,15161090,1677283258543,true
6490444,0.2368000,12582,15161091,15161097,1677283258547,true
6490445,0.2367000,595,15161098,15161098,1677283258559,true
6490446,0.2368000,295,15161099,15161099,1677283258696,true
6490447,0.2369000,557,15161100,15161101,1677283259075,false
6490448,0.2368000,706,15161102,15161102,1677283259087,true
6490449,0.2368000,1203,15161103,15161104,1677283259214,true
6490450,0.2367000,16797,15161105,15161108,1677283259214,true
6490451,0.2369000,4045,15161109,15161110,1677283259391,false
6490452,0.2368000,268,15161111,15161111,1677283260154,true
6490453,0.2369000,3647,15161112,15161114,1677283260400,false
6490454,0.2370000,2542,15161115,15161116,1677283260400,false
6490455,0.2369000,1341,15161117,15161117,1677283260515,true
6490456,0.2370000,3030,15161118,15161119,1677283260527,false
6490457,0.2371000,677,15161120,15161123,1677283260527,false
6490458,0.2369000,179,15161124,15161124,1677283260527,true
6490459,0.2370000,7514,15161125,15161126,1677283260545,false
6490460,0.2371000,4139,15161127,15161128,1677283260613,false
6490461,0.2372000,42,15161129,15161129,1677283261202,false
6490462,0.2372000,402,15161130,15161131,1677283261779,false
6490463,0.2372000,3427,15161132,15161135,1677283261934,false
6490464,0.2373000,11115,15161136,15161141,1677283261934,false
6490465,0.2374000,7186,15161142,15161148,1677283261934,false
6490466,0.2375000,1848,15161149,15161155,1677283262024,false
6490467,0.2376000,8085,15161156,15161162,1677283262024,false
6490468,0.2374000,626,15161163,15161164,1677283262066,true
6490469,0.2375000,1313,15161165,15161165,1677283262146,true
6490470,0.2374000,51,15161166,15161166,1677283262154,true
6490471,0.2375000,626,15161167,15161168,1677283262195,false
6490472,0.2374000,626,15161169,15161171,1677283262281,true
6490473,0.2374000,361,15161172,15161172,1677283262474,true
6490474,0.2374000,1192,15161173,15161173,1677283262662,true
6490475,0.2375000,3111,15161174,15161177,1677283262827,false
6490476,0.2374000,746,15161178,15161178,1677283262946,true
6490477,0.2375000,145,15161179,15161179,1677283263349,false
6490478,0.2375000,4428,15161180,15161185,1677283263611,false
6490479,0.2374000,164,15161186,15161186,1677283263635,true
6490480,0.2373000,887,15161187,15161187,1677283263635,true
6490481,0.2375000,995,15161188,15161188,1677283263727,false
6490482,0.2373000,132,15161189,15161190,1677283264324,true
6490483,0.2374000,2789,15161191,15161192,1677283264726,true
6490484,0.2373000,294,15161193,15161194,1677283265442,true
6490485,0.2374000,1874,15161195,15161196,1677283265557,false
6490486,0.2374000,954,15161197,15161197,1677283265711,false
6490487,0.2375000,2476,15161198,15161200,1677283265711,false
6490488,0.2375000,659,15161201,15161201,1677283265831,false
6490489,0.2375000,4539,15161202,15161205,1677283266521,false
6490490,0.2376000,8077,15161206,15161209,1677283266521,false
6490491,0.2377000,4194,15161210,15161218,1677283266521,false
6490492,0.2376000,1228,15161219,15161219,1677283266551,false
6490493,0.2376000,86,15161220,15161220,1677283266816,true
6490494,0.2377000,150,15161221,15161221,1677283267626,false
6490495,0.2377000,294,15161222,15161222,1677283267744,false
6490496,0.2378000,5567,15161223,15161229,1677283267746,false
6490497,0.2379000,3957,15161230,15161237,1677283267748,false
6490498,0.2380000,3262,15161238,15161240,1677283267800,false
6490499,0.2379000,306,15161241,15161241,1677283267924,true
6490500,0.2379000,42,15161242,15161242,1677283268082,true
6490501,0.2380000,431,15161243,15161244,1677283268186,false
6490502,0.2379000,128,15161245,15161246,1677283268213,true
6490503,0.2379000,3461,15161247,15161248,1677283268403,true
6490504,0.2379000,166,15161249,15161249,1677283268641,false
6490505,0.2379000,559,15161250,15161250,1677283268802,false
6490506,0.2378000,419,15161251,15161251,1677283268836,true
6490507,0.2377000,14086,15161252,15161257,1677283268836,true
6490508,0.2376000,13122,15161258,15161261,1677283268836,true
6490509,0.2375000,6010,15161262,15161265,1677283268836,true
6490510,0.2374000,15544,15161266,15161271,1677283268836,true
6490511,0.2373000,22172,15161272,15161276,1677283268836,true
6490512,0.2372000,6217,15161277,15161279,1677283268836,true
6490513,0.2371000,11830,15161280,15161286,1677283268836,true
6490514,0.2370000,7977,15161287,15161291,1677283268836,true
6490515,0.2369000,14457,15161292,15161298,1677283268836,true
6490516,0.2376000,1182,15161299,15161299,1677283268849,true
6490517,0.2374000,1181,15161300,15161300,1677283268850,true
6490518,0.2373000,1181,15161301,15161302,1677283268850,true
6490519,0.2372000,1344,15161303,15161304,1677283268854,true
6490520,0.2371000,8013,15161305,15161309,1677283268901,true
6490521,0.2370000,396,15161310,15161310,1677283268903,true
6490522,0.2372000,294,15161311,15161311,1677283269328,true
6490523,0.2372000,171,15161312,15161312,1677283269593,false
6490524,0.2372000,113,15161313,15161313,1677283269740,false
6490525,0.2371000,1754,15161314,15161315,1677283269741,true
6490526,0.2372000,3021,15161316,15161318,1677283269756,false
6490527,0.2373000,1505,15161319,15161319,1677283269954,false
6490528,0.2374000,1797,15161320,15161320,1677283269954,false
6490529,0.2372000,2433,15161321,15161321,1677283269956,true
6490530,0.2373000,324,15161322,15161322,1677283269964,true
6490531,0.2372000,4053,15161323,15161324,1677283269964,true
6490532,0.2372000,1978,15161325,15161326,1677283271151,false
6490533,0.2373000,12063,15161327,15161330,1677283271151,false
6490534,0.2374000,5933,15161331,15161336,1677283271151,false
6490535,0.2375000,779,15161337,15161337,1677283271329,false
6490536,0.2376000,474,15161338,15161338,1677283271361,false
6490537,0.2375000,1302,15161339,15161340,1677283271636,true
6490538,0.2376000,375,15161341,15161341,1677283271665,false
6490539,0.2375000,294,15161342,15161342,1677283271739,true
6490540,0.2376000,152,15161343,15161343,1677283271750,false
6490541,0.2375000,2106,15161344,15161346,1677283273029,true
6490542,0.2376000,402,15161347,15161347,1677283273892,false
6490543,0.2375000,1760,15161348,15161349,1677283274280,true
6490544,0.2375000,7283,15161350,15161352,1677283274702,true
6490545,0.2375000,547,15161353,15161354,1677283275123,false
6490546,0.2375000,389,15161355,15161355,1677283276294,false
6490547,0.2375000,1782,15161356,15161359,1677283276576,false
6490548,0.2376000,5662,15161360,15161361,1677283276657,false
6490549,0.2375000,3361,15161362,15161364,1677283276669,true
6490550,0.2375000,706,15161365,15161365,1677283277092,true
6490551,0.2376000,3007,15161366,15161366,1677283277593,false
6490552,0.2377000,8625,15161367,15161370,1677283277593,false
6490553,0.2376000,706,15161371,15161371,1677283278047,true
6490554,0.2376000,83,15161372,15161372,1677283278316,true
6490555,0.2376000,1723,15161373,15161375,1677283278682,true
6490556,0.2377000,171,15161376,15161376,1677283278714,false
6490557,0.2376000,100,15161377,15161377,1677283278767,true
6490558,0.2376000,788,15161378,15161379,1677283279197,true
6490559,0.2377000,166,15161380,15161380,1677283279809,false
6490560,0.2377000,151,15161381,15161381,1677283279934,false
6490561,0.2376000,706,15161382,15161383,1677283280121,true
6490562,0.2377000,150,15161384,15161385,1677283280731,false
6490563,0.2376000,2154,15161386,15161387,1677283281118,true
6490564,0.2377000,271,15161388,15161388,1677283281438,false
6490565,0.2378000,12706,15161389,15161392,1677283281438,false
6490566,0.2379000,9419,15161393,15161398,1677283281438,false
6490567,0.2376000,1440,15161399,15161399,1677283281438,true
6490568,0.2378000,459,15161400,15161400,1677283281589,true
6490569,0.2379000,2927,15161401,15161403,1677283281692,false
6490570,0.2380000,12401,15161404,15161409,1677283281692,false
6490571,0.2381000,8129,15161410,15161415,1677283281692,false
6490572,0.2379000,1894,15161416,15161416,1677283281704,false
6490573,0.2380000,706,15161417,15161417,1677283282132,true
6490574,0.2380000,1024,15161418,15161418,1677283282979,true
6490575,0.2380000,706,15161419,15161420,1677283283112,true
6490576,0.2380000,6555,15161421,15161421,1677283283881,true
6490577,0.2379000,6502,15161422,15161424,1677283283886,true
6490578,0.2378000,2098,15161425,15161426,1677283283911,true
6490579,0.2377000,418,15161427,15161427,1677283283954,true
6490580,0.2376000,2264,15161428,15161428,1677283283954,true
6490581,0.2377000,5699,15161429,15161433,1677283283964,true
6490582,0.2378000,389,15161434,15161434,1677283284404,false
6490583,0.2377000,706,15161435,15161435,1677283284404,true
6490584,0.2378000,474,15161436,15161436,1677283284463,false
6490585,0.2378000,3238,15161437,15161440,1677283284724,false
6490586,0.2379000,492,15161441,15161441,1677283284724,false
6490587,0.2378000,1000,15161442,15161443,1677283285017,true
6490588,0.2379000,547,15161444,15161444,1677283285307,false
6490589,0.2379000,9151,15161445,15161449,1677283285628,false
6490590,0.2380000,1632,15161450,15161451,1677283285667,false
6490591,0.2379000,706,15161452,15161452,1677283286082,true
6490592,0.2380000,5304,15161453,15161455,1677283286102,false
6490593,0.2381000,8168,15161456,15161459,1677283286102,false
6490594,0.2380000,294,15161460,15161460,1677283286560,true
6490595,0.2381000,1966,15161461,15161462,1677283286628,false
6490596,0.2380000,706,15161463,15161463,1677283287040,true
6490597,0.2380000,4000,15161464,15161466,1677283287316,true
6490598,0.2380000,14970,15161467,15161473,1677283287633,true
6490599,0.2379000,3258,15161474,15161475,1677283287672,true
6490600,0.2380000,1113,15161476,15161476,1677283287678,false
6490601,0.2379000,631,15161477,15161477,1677283287683,true
6490602,0.2378000,1347,15161478,15161481,1677283287683,true
6490603,0.2380000,1066,15161482,15161482,1677283287720,false
6490604,0.2381000,2150,15161483,15161483,1677283287720,false
6490605,0.2380000,1474,15161484,15161485,1677283287757,false
6490606,0.2380000,568,15161486,15161488,1677283287903,false
6490607,0.2378000,706,15161489,15161489,1677283288141,true
6490608,0.2379000,704,15161490,15161491,1677283288595,false
6490609,0.2378000,706,15161492,15161493,1677283289118,true
6490610,0.2379000,141,15161494,15161495,1677283289604,false
6490611,0.2380000,3302,15161496,15161500,1677283289604,false
6490612,0.2381000,1853,15161501,15161501,1677283289702,false
6490613,0.2380000,1496,15161502,15161503,1677283290540,true
6490614,0.2381000,3423,15161504,15161506,1677283290700,false
6490615,0.2381000,293,15161507,15161507,1677283290928,true
6490616,0.2382000,50,15161508,15161508,1677283291064,false
6490617,0.2382000,1338,15161509,15161511,1677283291690,false
6490618,0.2383000,512,15161512,15161516,1677283291690,false
6490619,0.2384000,530,15161517,15161519,1677283291748,false
6490620,0.2383000,51,15161520,15161520,1677283291777,true
6490621,0.2384000,3538,15161521,15161522,1677283291822,true
6490622,0.2383000,428,15161523,15161525,1677283291850,true
6490623,0.2383000,293,15161526,15161526,1677283292038,true
6490624,0.2384000,1533,15161527,15161529,1677283292071,false
6490625,0.2385000,3274,15161530,15161537,1677283292071,false
6490626,0.2385000,547,15161538,15161538,1677283292415,false
6490627,0.2383000,165,15161539,15161539,1677283292518,true
6490628,0.2384000,474,15161540,15161540,1677283292581,false
6490629,0.2384000,687,15161541,15161543,1677283293045,false
6490630,0.2385000,557,15161544,15161544,1677283293069,false
6490631,0.2383000,8629,15161545,15161547,1677283293379,true
6490632,0.2382000,11515,15161548,15161552,1677283293379,true
6490633,0.2383000,1196,15161553,15161553,1677283293392,true
6490634,0.2382000,6697,15161554,15161556,1677283293392,true
6490635,0.2381000,35089,15161557,15161569,1677283293397,true
6490636,0.2381000,84,15161570,15161570,1677283293563,true
6490637,0.2382000,194,15161571,15161571,1677283293680,false
6490638,0.2383000,950,15161572,15161572,1677283293680,false
6490639,0.2382000,121,15161573,15161573,1677283293944,true
6490640,0.2381000,7230,15161574,15161574,1677283295242,true
6490641,0.2382000,83,15161575,15161575,1677283295280,false
6490642,0.2381000,293,15161576,15161576,1677283295607,true
6490643,0.2382000,559,15161577,15161579,1677283295645,false
6490644,0.2383000,10339,15161580,15161582,1677283295645,false
6490645,0.2383000,316,15161583,15161583,1677283296701,true
6490646,0.2384000,140,15161584,15161584,1677283296748,false
6490647,0.2384000,1430,15161585,15161586,1677283296918,false
6490648,0.2383000,293,15161587,15161588,1677283296998,true
6490649,0.2383000,419,15161589,15161589,1677283297581,true
6490650,0.2383000,1184,15161590,15161591,1677283297741,false
6490651,0.2383000,393,15161592,15161592,1677283297963,false
6490652,0.2382000,293,15161593,15161593,1677283298031,true
6490653,0.2383000,2114,15161594,15161596,1677283298069,false
6490654,0.2384000,3138,15161597,15161598,1677283298069,false
6490655,0.2383000,2649,15161599,15161601,1677283298194,true
6490656,0.2382000,683,15161602,15161602,1677283298644,true
6490657,0.2382000,1831,15161603,15161603,1677283299058,true
6490658,0.2381000,349,15161604,15161604,1677283299058,true
6490659,0.2382000,152,15161605,15161605,1677283299348,true
6490660,0.2382000,912,15161606,15161606,1677283299695,true
6490661,0.2382000,1367,15161607,15161607,1677283300046,true
6490662,0.2383000,3926,15161608,15161608,1677283300119,false
6490663,0.2384000,6410,15161609,15161610,1677283300119,false
6490664,0.2384000,1078,15161611,15161611,1677283300255,true
6490665,0.2383000,289,15161612,15161612,1677283300255,true
6490666,0.2384000,362,15161613,15161613,1677283300279,true
6490667,0.2383000,2418,15161614,15161615,1677283300311,true
6490668,0.2382000,1784,15161616,15161617,1677283300311,true
6490669,0.2383000,1259,15161618,15161618,1677283300498,true
6490670,0.2383000,2562,15161619,15161620,1677283300626,false
6490671,0.2384000,2056,15161621,15161621,1677283300627,false
6490672,0.2385000,3028,15161622,15161623,1677283300627,false
6490673,0.2382000,17,15161624,15161624,1677283300643,true
6490674,0.2385000,253,15161625,15161625,1677283301266,false
6490675,0.2383000,4724,15161626,15161629,1677283301638,true
6490676,0.2383000,332,15161630,15161630,1677283302334,false
6490677,0.2382000,637,15161631,15161632,1677283302501,true
6490678,0.2383000,2347,15161633,15161635,1677283302756,false
6490679,0.2383000,83,15161636,15161636,1677283303095,true
6490680,0.2384000,210,15161637,15161637,1677283303932,false
6490681,0.2384000,151,15161638,15161638,1677283304137,false
6490682,0.2384000,756,15161639,15161639,1677283304655,false
6490683,0.2385000,766,15161640,15161640,1677283304655,false
6490684,0.2384000,4202,15161641,15161641,1677283305610,true
6490685,0.2383000,472,15161642,15161643,1677283305626,true
6490686,0.2384000,12530,15161644,15161647,1677283305682,false
6490687,0.2383000,24579,15161648,15161652,1677283305689,true
6490688,0.2383000,3490,15161653,15161654,1677283305791,true
6490689,0.2383000,1359,15161655,15161656,1677283305917,true
6490690,0.2383000,293,15161657,15161657,1677283306436,true
6490691,0.2383000,1678,15161658,15161658,1677283306608,true
6490692,0.2384000,1092,15161659,15161659,1677283307232,false
6490693,0.2383000,1523,15161660,15161660,1677283307272,true
6490694,0.2384000,3951,15161661,15161666,1677283307703,false
6490695,0.2385000,6762,15161667,15161671,1677283307703,false
6490696,0.2384000,293,15161672,15161672,1677283307756,true
6490697,0.2384000,706,15161673,15161673,1677283308156,true
6490698,0.2384000,2573,15161674,15161675,1677283308451,true
6490699,0.2383000,700,15161676,15161676,1677283308527,true
6490700,0.2385000,3816,15161677,15161678,1677283308541,false
6490701,0.2384000,2340,15161679,15161680,1677283308587,false
6490702,0.2385000,4077,15161681,15161682,1677283308924,false
6490703,0.2386000,8588,15161683,15161687,1677283308924,false
6490704,0.2385000,293,15161688,15161688,1677283309093,true
6490705,0.2386000,1244,15161689,15161692,1677283309380,false
6490706,0.2385000,1125,15161693,15161695,1677283309457,true
6490707,0.2385000,2100,15161696,15161696,1677283309627,true
6490708,0.2386000,1028,15161697,15161698,1677283310030,false
6490709,0.2387000,402,15161699,15161699,1677283310030,false
6490710,0.2385000,706,15161700,15161700,1677283310108,true
6490711,0.2386000,51,15161701,15161701,1677283310169,true
6490712,0.2386000,1361,15161702,15161703,1677283310396,true
6490713,0.2387000,89,15161704,15161704,1677283310786,false
6490714,0.2386000,293,15161705,15161705,1677283310798,true
6490715,0.2386000,51,15161706,15161706,1677283310909,true
6490716,0.2387000,140,15161707,15161707,1677283310938,false
6490717,0.2386000,1041,15161708,15161709,1677283311166,true
6490718,0.2387000,326,15161710,15161711,1677283311465,false
6490719,0.2386000,2634,15161712,15161712,1677283311539,true
6490720,0.2385000,1561,15161713,15161713,1677283311539,true
6490721,0.2387000,2306,15161714,15161716,1677283311568,false
6490722,0.2387000,1000,15161717,15161718,1677283311881,false
6490723,0.2386000,293,15161719,15161719,1677283311910,true
6490724,0.2388000,185,15161720,15161720,1677283311937,false
6490725,0.2386000,706,15161721,15161721,1677283312074,true
6490726,0.2387000,300,15161722,15161723,1677283312531,true
6490727,0.2387000,830,15161724,15161725,1677283312957,true
6490728,0.2388000,192,15161726,15161726,1677283313062,false
6490729,0.2387000,293,15161727,15161727,1677283313677,true
6490730,0.2387000,123,15161728,15161728,1677283313848,true
6490731,0.2387000,706,15161729,15161729,1677283314031,true
6490732,0.2387000,293,15161730,15161730,1677283314920,true
6490733,0.2387000,706,15161731,15161731,1677283315136,true
6490734,0.2388000,151,15161732,15161732,1677283315249,false
6490735,0.2387000,191,15161733,15161733,1677283316010,true
6490736,0.2387000,706,15161734,15161734,1677283316113,true
6490737,0.2388000,837,15161735,15161735,1677283316961,false
6490738,0.2387000,706,15161736,15161736,1677283317095,true
6490739,0.2387000,279,15161737,15161737,1677283317215,true
6490740,0.2387000,6486,15161738,15161738,1677283317457,true
6490741,0.2387000,706,15161739,15161739,1677283318098,true
6490742,0.2387000,293,15161740,15161740,1677283318533,true
6490743,0.2388000,1731,15161741,15161746,1677283318623,false
6490744,0.2388000,26671,15161747,15161754,1677283318836,false
6490745,0.2389000,3009,15161755,15161756,1677283318850,false
6490746,0.2389000,706,15161757,15161757,1677283319077,true
6490747,0.2390000,1092,15161758,15161763,1677283319346,false
6490748,0.2389000,640,15161764,15161764,1677283319496,true
6490749,0.2390000,1057,15161765,15161768,1677283319594,false
6490750,0.2391000,119,15161769,15161770,1677283319635,false
6490751,0.2390000,51,15161771,15161771,1677283319805,true
6490752,0.2391000,6402,15161772,15161777,1677283320140,false
6490753,0.2392000,5226,15161778,15161783,1677283320140,false
6490754,0.2393000,10219,15161784,15161788,1677283320141,false
6490755,0.2390000,1876,15161789,15161789,1677283320141,true
6490756,0.2389000,8722,15161790,15161791,1677283320141,true
6490757,0.2390000,59,15161792,15161792,1677283320166,true
6490758,0.2390000,330,15161793,15161793,1677283320295,true
6490759,0.2391000,140,15161794,15161794,1677283320577,false
6490760,0.2391000,41,15161795,15161795,1677283321178,false
6490761,0.2390000,86,15161796,15161796,1677283321260,true
6490762,0.2390000,1876,15161797,15161799,1677283321425,true
6490763,0.2391000,579,15161800,15161801,1677283321530,false
6490764,0.2392000,171,15161802,15161802,1677283321530,false
6490765,0.2391000,9022,15161803,15161805,1677283321634,false
6490766,0.2392000,1089,15161806,15161806,1677283321658,true
6490767,0.2391000,7037,15161807,15161809,1677283321658,true
6490768,0.2394000,2140,15161810,15161812,1677283321716,false
6490769,0.2395000,4658,15161813,15161816,1677283321716,false
6490770,0.2393000,41,15161817,15161817,1677283321716,true
6490771,0.2394000,1099,15161818,15161819,1677283321731,true
6490772,0.2393000,1066,15161820,15161821,1677283321782,true
6490773,0.2392000,6734,15161822,15161827,1677283321782,true
6490774,0.2392000,69,15161828,15161828,1677283321903,true
6490775,0.2393000,1191,15161829,15161829,1677283322070,false
6490776,0.2394000,8623,15161830,15161833,1677283322070,false
6490777,0.2394000,1430,15161834,15161835,1677283322205,false
6490778,0.2393000,292,15161836,15161836,1677283322273,true
6490779,0.2394000,253,15161837,15161837,1677283322550,false
6490780,0.2392000,7456,15161838,15161840,1677283322686,true
6490781,0.2391000,6685,15161841,15161848,1677283322766,true
6490782,0.2390000,1442,15161849,15161849,1677283322844,true
6490783,0.2392000,4173,15161850,15161850,1677283323001,false
6490784,0.2391000,1756,15161851,15161854,1677283323091,true
6490785,0.2392000,626,15161855,15161857,1677283323216,false
6490786,0.2391000,146,15161858,15161858,1677283323302,true
6490787,0.2392000,167,15161859,15161859,1677283323326,false
6490788,0.2391000,1634,15161860,15161861,1677283323331,true
6490789,0.2391000,3062,15161862,15161862,1677283323702,true
6490790,0.2391000,1960,15161863,15161864,1677283323964,false
6490791,0.2392000,326,15161865,15161866,1677283324353,false
6490792,0.2392000,4901,15161867,15161867,1677283324929,false
6490793,0.2392000,112,15161868,15161868,1677283325217,true
6490794,0.2393000,151,15161869,15161869,1677283325343,false
6490795,0.2392000,86,15161870,15161870,1677283326694,true
6490796,0.2393000,2291,15161871,15161873,1677283326731,false
6490797,0.2392000,86,15161874,15161874,1677283327767,true
6490798,0.2392000,3118,15161875,15161877,1677283328343,true
6490799,0.2393000,2569,15161878,15161880,1677283328503,false
6490800,0.2393000,2411,15161881,15161882,1677283328644,false
6490801,0.2394000,3156,15161883,15161884,1677283328644,false
6490802,0.2392000,292,15161885,15161885,1677283328935,true
6490803,0.2392000,418,15161886,15161886,1677283329042,true
6490804,0.2392000,63,15161887,15161887,1677283329195,true
6490805,0.2392000,55,15161888,15161888,1677283329394,true
6490806,0.2393000,245,15161889,15161890,1677283329618,false
6490807,0.2393000,7787,15161891,15161892,1677283329741,false
6490808,0.2394000,5738,15161893,15161897,1677283329741,false
6490809,0.2393000,292,15161898,15161898,1677283330360,true
6490810,0.2394000,5678,15161899,15161900,1677283330364,false
6490811,0.2395000,8185,15161901,15161904,1677283330364,false
6490812,0.2396000,7744,15161905,15161914,1677283330474,false
6490813,0.2396000,3362,15161915,15161917,1677283330493,true
6490814,0.2395000,51,15161918,15161918,1677283330500,true
6490815,0.2396000,476,15161919,15161919,1677283330508,true
6490816,0.2396000,330,15161920,15161920,1677283330637,true
6490817,0.2397000,2040,15161921,15161927,1677283330659,false
6490818,0.2398000,2965,15161928,15161931,1677283330718,false
6490819,0.2396000,106,15161932,15161934,1677283330737,true
6490820,0.2397000,292,15161935,15161935,1677283331806,true
6490821,0.2398000,326,15161936,15161936,1677283332045,false
6490822,0.2397000,879,15161937,15161939,1677283332175,true
6490823,0.2398000,42,15161940,15161940,1677283332304,false
6490824,0.2397000,42,15161941,15161941,1677283332441,true
6490825,0.2398000,1809,15161942,15161944,1677283332471,false
6490826,0.2399000,1092,15161945,15161947,1677283332697,false
6490827,0.2399000,7553,15161948,15161955,1677283333372,false
6490828,0.2399000,51,15161956,15161956,1677283333775,true
6490829,0.2400000,6360,15161957,15161972,1677283333798,false
6490830,0.2399000,119,15161973,15161973,1677283334167,true
6490831,0.2400000,4166,15161974,15161975,1677283334507,false
6490832,0.2400000,4932,15161976,15161976,1677283334663,false
6490833,0.2399000,291,15161977,15161977,1677283334673,true
6490834,0.2400000,3520,15161978,15161980,1677283334740,false
6490835,0.2400000,1231,15161981,15161983,1677283334869,false
6490836,0.2400000,12885,15161984,15161989,1677283334986,true
6490837,0.2401000,444,15161990,15161990,1677283334993,false
6490838,0.2401000,51,15161991,15161991,1677283334996,true
6490839,0.2402000,151,15161992,15161992,1677283335010,false
6490840,0.2401000,12974,15161993,15161997,1677283335462,true
6490841,0.2399000,5329,15161998,15162000,1677283335525,true
6490842,0.2401000,82,15162001,15162002,1677283335726,false
6490843,0.2399000,291,15162003,15162003,1677283335835,true
6490844,0.2400000,1889,15162004,15162006,1677283336693,false
6490845,0.2401000,334,15162007,15162007,1677283336693,false
6490846,0.2400000,1103,15162008,15162008,1677283337307,true
6490847,0.2400000,41,15162009,15162009,1677283338224,true
6490848,0.2401000,3791,15162010,15162013,1677283338496,false
6490849,0.2402000,6677,15162014,15162017,1677283338496,false
6490850,0.2401000,4788,15162018,15162018,1677283338514,false
6490851,0.2400000,7374,15162019,15162020,1677283338727,true
6490852,0.2399000,223,15162021,15162021,1677283338727,true
6490853,0.2400000,1144,15162022,15162022,1677283339514,true
6490854,0.2400000,7226,15162023,15162024,1677283339691,false
6490855,0.2401000,185,15162025,15162025,1677283339813,false
6490856,0.2400000,3926,15162026,15162027,1677283340310,true
6490857,0.2401000,1430,15162028,15162028,1677283341123,false
6490858,0.2401000,991,15162029,15162029,1677283341483,false
6490859,0.2401000,5919,15162030,15162034,1677283341665,false
6490860,0.2401000,140,15162035,15162035,1677283341796,false
6490861,0.2400000,706,15162036,15162036,1677283342069,true
6490862,0.2401000,3380,15162037,15162039,1677283342669,false
6490863,0.2402000,6714,15162040,15162041,1677283342669,false
6490864,0.2401000,2101,15162042,15162042,1677283343178,true
6490865,0.2401000,1854,15162043,15162045,1677283343390,true
6490866,0.2402000,4331,15162046,15162049,1677283343483,false
6490867,0.2403000,13972,15162050,15162058,1677283343483,false
6490868,0.2404000,2714,15162059,15162065,1677283343483,false
6490869,0.2401000,7991,15162066,15162069,1677283343549,true
6490870,0.2401000,7192,15162070,15162072,1677283343643,false
6490871,0.2402000,7928,15162073,15162074,1677283343847,false
6490872,0.2403000,13377,15162075,15162078,1677283343847,false
6490873,0.2404000,4423,15162079,15162081,1677283343847,false
6490874,0.2402000,330,15162082,15162082,1677283343898,true
6490875,0.2403000,757,15162083,15162084,1677283344063,true
6490876,0.2404000,1039,15162085,15162085,1677283344160,false
6490877,0.2403000,417,15162086,15162086,1677283344218,true
6490878,0.2403000,459,15162087,15162087,1677283344368,true
6490879,0.2403000,51,15162088,15162088,1677283344775,true
6490880,0.2404000,1385,15162089,15162090,1677283344802,false
6490881,0.2403000,59,15162091,15162091,1677283345025,true
6490882,0.2404000,2000,15162092,15162094,1677283345039,false
6490883,0.2403000,706,15162095,15162095,1677283345117,true
6490884,0.2404000,326,15162096,15162096,1677283345157,false
6490885,0.2403000,5731,15162097,15162098,1677283345339,true
6490886,0.2404000,1291,15162099,15162100,1677283345414,false
6490887,0.2405000,6287,15162101,15162107,1677283345414,false
6490888,0.2406000,6018,15162108,15162112,1677283345414,false
6490889,0.2407000,31647,15162113,15162125,1677283345414,false
6490890,0.2408000,12419,15162126,15162134,1677283345414,false
6490891,0.2409000,11686,15162135,15162139,1677283345414,false
6490892,0.2407000,1442,15162140,15162140,1677283345437,false
6490893,0.2408000,1442,15162141,15162141,1677283345443,false
6490894,0.2409000,2951,15162142,15162144,1677283345450,false
6490895,0.2409000,5856,15162145,15162149,1677283345454,true
6490896,0.2408000,5044,15162150,15162153,1677283345464,true
6490897,0.2407000,3823,15162154,15162155,1677283345465,true
6490898,0.2410000,5088,15162156,15162161,1677283345467,false
6490899,0.2409000,1442,15162162,15162162,1677283345544,true
6490900,0.2410000,1092,15162163,15162163,1677283345576,false
6490901,0.2409000,1441,15162164,15162165,1677283345615,true
6490902,0.2409000,2638,15162166,15162167,1677283345638,false
6490903,0.2410000,1331,15162168,15162169,1677283345638,false
6490904,0.2408000,350,15162170,15162170,1677283345656,true
6490905,0.2410000,2672,15162171,15162174,1677283345754,false
6490906,0.2411000,2745,15162175,15162177,1677283345754,false
6490907,0.2412000,3544,15162178,15162182,1677283345754,false
6490908,0.2413000,3345,15162183,15162185,1677283345754,false
6490909,0.2409000,41,15162186,15162186,1677283345754,true
6490910,0.2410000,1272,15162187,15162188,1677283345778,true
6490911,0.2411000,1440,15162189,15162191,1677283345842,true
6490912,0.2410000,85,15162192,15162192,1677283345854,true
6490913,0.2411000,1440,15162193,15162193,1677283345919,true
6490914,0.2412000,1064,15162194,15162194,1677283346076,false
6490915,0.2410000,1776,15162195,15162198,1677283346102,true
6490916,0.2410000,1442,15162199,15162199,1677283346363,true
6490917,0.2409000,1733,15162200,15162203,1677283346815,false
6490918,0.2408000,86,15162204,15162205,1677283346843,true
6490919,0.2409000,5062,15162206,15162206,1677283347073,false
6490920,0.2408000,3064,15162207,15162210,1677283347073,true
6490921,0.2407000,12970,15162211,15162214,1677283347073,true
6490922,0.2406000,2599,15162215,15162218,1677283347073,true
6490923,0.2409000,214,15162219,15162220,1677283347089,false
6490924,0.2407000,626,15162221,15162222,1677283347201,false
6490925,0.2406000,626,15162223,15162224,1677283347293,true
6490926,0.2405000,779,15162225,15162226,1677283347744,true
6490927,0.2404000,5319,15162227,15162230,1677283347821,true
6490928,0.2405000,3834,15162231,15162235,1677283348013,false
6490929,0.2406000,2250,15162236,15162237,1677283348087,false
6490930,0.2407000,24,15162238,15162238,1677283348087,false
6490931,0.2404000,706,15162239,15162239,1677283348088,true
6490932,0.2406000,1471,15162240,15162242,1677283348221,false
6490933,0.2405000,804,15162243,15162243,1677283348411,true
6490934,0.2405000,290,15162244,15162244,1677283348878,true
6490935,0.2405000,706,15162245,15162245,1677283349079,true
6490936,0.2406000,1692,15162246,15162247,1677283349213,false
6490937,0.2407000,11891,15162248,15162252,1677283349214,false
6490938,0.2408000,3371,15162253,15162253,1677283349215,false
6490939,0.2409000,6724,15162254,15162263,1677283349215,false
6490940,0.2409000,3430,15162264,15162265,1677283349281,true
6490941,0.2408000,1201,15162266,15162266,1677283349284,true
6490942,0.2410000,3051,15162267,15162270,1677283349484,false
6490943,0.2410000,186,15162271,15162271,1677283349672,false
6490944,0.2411000,805,15162272,15162272,1677283349672,false
6490945,0.2409000,1643,15162273,15162274,1677283350110,true
6490946,0.2408000,1300,15162275,15162276,1677283350110,true
6490947,0.2409000,1440,15162277,15162277,1677283350378,true
6490948,0.2410000,2585,15162278,15162280,1677283350532,false
6490949,0.2409000,41,15162281,15162281,1677283350672,true
6490950,0.2410000,185,15162282,15162282,1677283350921,false
6490951,0.2409000,2035,15162283,15162285,1677283351080,false
6490952,0.2410000,3149,15162286,15162286,1677283351080,false
6490953,0.2409000,522,15162287,15162288,1677283351537,true
6490954,0.2409000,2092,15162289,15162290,1677283351639,true
6490955,0.2409000,851,15162291,15162291,1677283351784,true
6490956,0.2410000,1522,15162292,15162293,1677283351850,false
6490957,0.2409000,140,15162294,15162294,1677283351903,false
6490958,0.2409000,2838,15162295,15162296,1677283352420,true
6490959,0.2408000,35,15162297,15162297,1677283352510,true
6490960,0.2409000,1439,15162298,15162299,1677283352524,true
6490961,0.2408000,917,15162300,15162302,1677283352748,true
6490962,0.2408000,409,15162303,15162304,1677283353171,false
6490963,0.2407000,20781,15162305,15162306,1677283354206,true
6490964,0.2407000,8225,15162307,15162307,1677283354401,true
6490965,0.2408000,3666,15162308,15162309,1677283355579,false
6490966,0.2409000,704,15162310,15162310,1677283355579,false
6490967,0.2408000,3692,15162311,15162314,1677283355855,true
6490968,0.2409000,5440,15162315,15162317,1677283355894,false
6490969,0.2408000,3520,15162318,15162319,1677283355948,true
6490970,0.2407000,86,15162320,15162320,1677283355960,true
6490971,0.2408000,2646,15162321,15162322,1677283356600,true
6490972,0.2407000,4584,15162323,15162323,1677283356600,true
6490973,0.2408000,1385,15162324,15162324,1677283356906,false
6490974,0.2409000,426,15162325,15162325,1677283357369,false
6490975,0.2409000,1092,15162326,15162326,1677283357685,false
6490976,0.2409000,499,15162327,15162327,1677283357818,false
6490977,0.2409000,1430,15162328,15162328,1677283358150,false
6490978,0.2409000,991,15162329,15162329,1677283358846,false
6490979,0.2408000,1947,15162330,15162330,1677283358865,true
6490980,0.2408000,2100,15162331,15162331,1677283359545,true
6490981,0.2409000,1921,15162332,15162333,1677283359623,false
6490982,0.2408000,1316,15162334,15162335,1677283360172,true
6490983,0.2408000,1523,15162336,15162336,1677283360619,true
6490984,0.2409000,3382,15162337,15162337,1677283360715,false
6490985,0.2409000,6410,15162338,15162343,1677283361622,false
6490986,0.2408000,1523,15162344,15162344,1677283361949,true
6490987,0.2409000,6370,15162345,15162349,1677283362012,false
6490988,0.2410000,2147,15162350,15162351,1677283362012,false
6490989,0.2411000,4017,15162352,15162356,1677283362040,false
6490990,0.2412000,4279,15162357,15162364,1677283362640,false
6490991,0.2413000,185,15162365,15162365,1677283363030,false
6490992,0.2412000,4260,15162366,15162375,1677283363081,true
6490993,0.2413000,42,15162376,15162376,1677283363206,false
6490994,0.2412000,42,15162377,15162377,1677283363290,true
6490995,0.2412000,2192,15162378,15162378,1677283363611,true
6490996,0.2413000,884,15162379,15162380,1677283363656,false
6490997,0.2413000,2740,15162381,15162382,1677283364748,true
6490998,0.2413000,209,15162383,15162383,1677283365086,false
6490999,0.2413000,2899,15162384,15162387,1677283365400,false
6491000,0.2413000,59,15162388,15162388,1677283365423,true
6491001,0.2413000,11945,15162389,15162393,1677283365698,true
6491002,0.2414000,326,15162394,15162395,1677283366359,false
6491003,0.2414000,253,15162396,15162399,1677283366561,false
6491004,0.2414000,209,15162400,15162400,1677283367337,false
6491005,0.2414000,1385,15162401,15162401,1677283368028,false
6491006,0.2414000,426,15162402,15162402,1677283368468,false
6491007,0.2413000,207,15162403,15162403,1677283368902,true
6491008,0.2414000,451,15162404,15162404,1677283369465,false
6491009,0.2414000,5303,15162405,15162412,1677283369860,false
6491010,0.2413000,50998,15162413,15162427,1677283370281,true
6491011,0.2412000,26289,15162428,15162432,1677283370329,true
6491012,0.2411000,5526,15162433,15162434,1677283370360,true
6491013,0.2410000,1824,15162435,15162438,1677283370386,true
6491014,0.2409000,1342,15162439,15162439,1677283370386,true
6491015,0.2410000,2715,15162440,15162441,1677283370572,false
6491016,0.2411000,61,15162442,15162442,1677283371091,false
6491017,0.2411000,200,15162443,15162443,1677283371382,true
6491018,0.2412000,145,15162444,15162444,1677283371493,false
6491019,0.2411000,7982,15162445,15162446,1677283371887,true
6491020,0.2412000,104,15162447,15162447,1677283371965,false
6491021,0.2411000,5187,15162448,15162448,1677283372116,true
6491022,0.2412000,3191,15162449,15162453,1677283372310,false
6491023,0.2411000,50,15162454,15162454,1677283372318,true
6491024,0.2413000,1056,15162455,15162455,1677283372350,false
6491025,0.2413000,1151,15162456,15162456,1677283372408,true
6491026,0.2412000,2170,15162457,15162457,1677283372408,true
6491027,0.2413000,3013,15162458,15162459,1677283372936,true
6491028,0.2412000,2169,15162460,15162460,1677283372936,true
6491029,0.2413000,1512,15162461,15162462,1677283373271,false
6491030,0.2414000,7099,15162463,15162468,1677283373271,false
6491031,0.2414000,50,15162469,15162469,1677283373462,true
6491032,0.2414000,2383,15162470,15162471,1677283373620,false
6491033,0.2415000,1746,15162472,15162480,1677283373620,false
6491034,0.2413000,1523,15162481,15162481,1677283374452,true
6491035,0.2414000,1648,15162482,15162485,1677283374745,false
6491036,0.2415000,10908,15162486,15162498,1677283374775,false
6491037,0.2416000,3068,15162499,15162502,1677283374775,false
6491038,0.2414000,2279,15162503,15162504,1677283374969,false
6491039,0.2415000,3691,15162505,15162507,1677283374969,false
6491040,0.2415000,330,15162508,15162508,1677283375302,true
6491041,0.2415000,2963,15162509,15162510,1677283375416,false
6491042,0.2416000,28050,15162511,15162521,1677283375416,false
6491043,0.2416000,290,15162522,15162522,1677283375632,true
6491044,0.2417000,347,15162523,15162524,1677283375872,false
6491045,0.2416000,706,15162525,15162525,1677283376096,true
6491046,0.2416000,473,15162526,15162526,1677283376839,true
6491047,0.2416000,783,15162527,15162528,1677283377086,true
6491048,0.2415000,212,15162529,15162529,1677283377181,true
6491049,0.2415000,635,15162530,15162530,1677283377319,true
6491050,0.2416000,183,15162531,15162531,1677283377895,false
6491051,0.2416000,538,15162532,15162532,1677283378021,false
6491052,0.2415000,995,15162533,15162534,1677283378037,true
6491053,0.2415000,706,15162535,15162535,1677283379047,true
6491054,0.2416000,5339,15162536,15162540,1677283379062,false
6491055,0.2417000,469,15162541,15162543,1677283379062,false
6491056,0.2416000,1385,15162544,15162545,1677283379139,false
6491057,0.2416000,1440,15162546,15162546,1677283379251,true
6491058,0.2415000,6907,15162547,15162549,1677283379251,true
6491059,0.2416000,1440,15162550,15162550,1677283379270,true
6491060,0.2415000,1440,15162551,15162551,1677283379270,true
6491061,0.2414000,7920,15162552,15162557,1677283379270,true
6491062,0.2415000,1346,15162558,15162558,1677283379292,true
6491063,0.2414000,2692,15162559,15162560,1677283379292,true
6491064,0.2413000,11880,15162561,15162567,1677283379298,true
6491065,0.2412000,2766,15162568,15162569,1677283379304,true
6491066,0.2414000,1244,15162570,15162570,1677283379313,true
6491067,0.2412000,640,15162571,15162572,1677283379313,true
6491068,0.2411000,2667,15162573,15162575,1677283379313,true
6491069,0.2413000,50,15162576,15162576,1677283379491,false
6491070,0.2412000,273,15162577,15162577,1677283380113,true
6491071,0.2411000,847,15162578,15162578,1677283380414,true
6491072,0.2412000,5273,15162579,15162579,1677283380519,false
6491073,0.2411000,1314,15162580,15162580,1677283380714,true
6491074,0.2411000,1489,15162581,15162583,1677283380936,true
6491075,0.2411000,238,15162584,15162584,1677283381279,true
6491076,0.2411000,1120,15162585,15162585,1677283381574,true
6491077,0.2412000,3377,15162586,15162590,1677283381583,false
6491078,0.2411000,8289,15162591,15162591,1677283381608,true
6491079,0.2411000,19274,15162592,15162596,1677283381904,true
6491080,0.2412000,5556,15162597,15162601,1677283381909,false
6491081,0.2413000,2588,15162602,15162604,1677283381937,false
6491082,0.2413000,1111,15162605,15162605,1677283382170,true
6491083,0.2412000,4474,15162606,15162607,1677283382170,true
6491084,0.2413000,426,15162608,15162608,1677283382579,false
6491085,0.2412000,1301,15162609,15162609,1677283382683,true
6491086,0.2413000,449,15162610,15162610,1677283382704,false
6491087,0.2412000,774,15162611,15162611,1677283382729,true
6491088,0.2412000,4730,15162612,15162617,1677283383059,true
6491089,0.2412000,584,15162618,15162618,1677283383738,true
6491090,0.2412000,2409,15162619,15162619,1677283384064,true
6491091,0.2413000,2099,15162620,15162620,1677283384181,false
6491092,0.2412000,1050,15162621,15162621,1677283384776,true
6491093,0.2412000,3511,15162622,15162622,1677283384957,true
6491094,0.2413000,343,15162623,15162624,1677283384966,false
6491095,0.2412000,1050,15162625,15162625,1677283384991,true
6491096,0.2413000,221,15162626,15162626,1677283385420,false
6491097,0.2412000,700,15162627,15162627,1677283385498,true
6491098,0.2413000,7595,15162628,15162633,1677283385663,false
6491099,0.2414000,1341,15162634,15162634,1677283385663,false
6491100,0.2413000,290,15162635,15162635,1677283386731,true
6491101,0.2413000,118,15162636,15162636,1677283388296,false
6491102,0.2413000,180,15162637,15162638,1677283389063,false
6491103,0.2413000,449,15162639,15162639,1677283389921,false
6491104,0.2413000,4619,15162640,15162645,1677283390107,false
6491105,0.2413000,3813,15162646,15162647,1677283390285,false
6491106,0.2413000,426,15162648,15162648,1677283390687,false
6491107,0.2413000,16506,15162649,15162652,1677283391845,false
6491108,0.2414000,4028,15162653,15162655,1677283391857,false
6491109,0.2414000,12040,15162656,15162661,1677283392174,false
6491110,0.2415000,1416,15162662,15162664,1677283392798,false
6491111,0.2415000,83,15162665,15162665,1677283393742,true
6491112,0.2415000,414,15162666,15162666,1677283395770,true
6491113,0.2416000,118,15162667,15162667,1677283396405,false
6491114,0.2415000,1716,15162668,15162669,1677283396531,true
6491115,0.2416000,87,15162670,15162670,1677283396689,false
6491116,0.2416000,115,15162671,15162671,1677283396951,false
6491117,0.2415000,156,15162672,15162673,1677283397456,true
6491118,0.2415000,8279,15162674,15162675,1677283397622,true
6491119,0.2415000,336,15162676,15162676,1677283397724,true
6491120,0.2416000,426,15162677,15162677,1677283397795,false
6491121,0.2415000,166,15162678,15162678,1677283398172,true
6491122,0.2416000,221,15162679,15162680,1677283398514,false
6491123,0.2415000,5312,15162681,15162683,1677283398576,true
6491124,0.2414000,63934,15162684,15162695,1677283398576,true
6491125,0.2415000,1716,15162696,15162696,1677283398722,false
6491126,0.2415000,2690,15162697,15162698,1677283398863,false
6491127,0.2414000,1050,15162699,15162699,1677283399154,true
6491128,0.2415000,523,15162700,15162701,1677283399219,false
6491129,0.2415000,538,15162702,15162703,1677283400251,false
6491130,0.2414000,5079,15162704,15162706,1677283400580,true
6491131,0.2415000,1823,15162707,15162710,1677283400696,false
6491132,0.2415000,1385,15162711,15162711,1677283401421,false
6491133,0.2415000,449,15162712,15162713,1677283402093,false
6491134,0.2415000,1469,15162714,15162716,1677283402790,false
6491135,0.2415000,400,15162717,15162718,1677283402965,true
6491136,0.2415000,664,15162719,15162720,1677283403135,true
6491137,0.2416000,16812,15162721,15162726,1677283404500,false
6491138,0.2417000,8494,15162727,15162731,1677283404670,false
6491139,0.2416000,50,15162732,15162732,1677283404836,true
6491140,0.2416000,2100,15162733,15162735,1677283405044,true
6491141,0.2416000,473,15162736,15162736,1677283405416,true
6491142,0.2416000,473,15162737,15162737,1677283405571,true
6491143,0.2417000,426,15162738,15162739,1677283406905,false
6491144,0.2416000,289,15162740,15162740,1677283406921,true
6491145,0.2417000,6684,15162741,15162743,1677283406968,false
6491146,0.2418000,3613,15162744,15162747,1677283406968,false
6491147,0.2417000,706,15162748,15162748,1677283407063,true
6491148,0.2418000,641,15162749,15162750,1677283407315,false
6491149,0.2418000,1936,15162751,15162754,1677283407423,false
6491150,0.2417000,6159,15162755,15162756,1677283407500,true
6491151,0.2416000,2309,15162757,15162758,1677283407631,true
6491152,0.2416000,289,15162759,15162759,1677283407743,true
6491153,0.2416000,706,15162760,15162761,1677283408050,true
6491154,0.2417000,343,15162762,15162764,1677283408427,false
6491155,0.2416000,473,15162765,15162765,1677283408582,true
6491156,0.2415000,473,15162766,15162766,1677283408710,true
6491157,0.2416000,180,15162767,15162768,1677283409310,false
6491158,0.2415000,829,15162769,15162769,1677283410213,true
6491159,0.2416000,575,15162770,15162770,1677283410534,false
6491160,0.2417000,3197,15162771,15162773,1677283410534,false
6491161,0.2416000,1030,15162774,15162774,1677283410564,true
6491162,0.2416000,1454,15162775,15162776,1677283410593,false
6491163,0.2417000,152,15162777,15162777,1677283410607,false
6491164,0.2416000,118,15162778,15162778,1677283411578,false
6491165,0.2417000,473,15162779,15162779,1677283413321,true
6491166,0.2417000,713,15162780,15162780,1677283413672,true
6491167,0.2417000,620,15162781,15162781,1677283413906,true
6491168,0.2418000,426,15162782,15162782,1677283414014,false
6491169,0.2417000,13588,15162783,15162787,1677283414061,true
6491170,0.2416000,1535,15162788,15162791,1677283414066,true
6491171,0.2417000,25,15162792,15162792,1677283414202,false
6491172,0.2416000,289,15162793,15162793,1677283414759,true
6491173,0.2417000,449,15162794,15162794,1677283416346,false
6491174,0.2417000,4307,15162795,15162802,1677283416490,false
6491175,0.2416000,1935,15162803,15162803,1677283416721,true
6491176,0.2416000,1215,15162804,15162806,1677283416982,true
6491177,0.2415000,1131,15162807,15162807,1677283417075,true
6491178,0.2416000,13043,15162808,15162812,1677283417187,false
6491179,0.2415000,2159,15162813,15162819,1677283417327,true
6491180,0.2416000,221,15162820,15162820,1677283417704,false
6491181,0.2415000,289,15162821,15162821,1677283417856,true
6491182,0.2415000,289,15162822,15162822,1677283419235,true
6491183,0.2415000,4482,15162823,15162823,1677283419413,true
6491184,0.2416000,538,15162824,15162824,1677283419436,false
6491185,0.2416000,118,15162825,15162825,1677283419672,false
6491186,0.2415000,9400,15162826,15162827,1677283420657,true
6491187,0.2415000,18719,15162828,15162834,1677283420896,true
6491188,0.2416000,11524,15162835,15162837,1677283420919,false
6491189,0.2415000,50,15162838,15162838,1677283421051,true
6491190,0.2416000,343,15162839,15162839,1677283421578,false
6491191,0.2415000,22103,15162840,15162848,1677283421746,true
6491192,0.2416000,757,15162849,15162851,1677283422908,false
6491193,0.2416000,584,15162852,15162853,1677283423045,false
6491194,0.2415000,3593,15162854,15162856,1677283423338,false
6491195,0.2416000,180,15162857,15162857,1677283423409,false
6491196,0.2416000,7080,15162858,15162866,1677283424602,false
6491197,0.2417000,8857,15162867,15162871,1677283424603,false
6491198,0.2418000,5043,15162872,15162874,1677283425085,false
6491199,0.2417000,289,15162875,15162875,1677283426233,true
6491200,0.2417000,6775,15162876,15162877,1677283426573,true
6491201,0.2416000,16572,15162878,15162886,1677283426573,true
6491202,0.2415000,13700,15162887,15162890,1677283426573,true
6491203,0.2414000,12431,15162891,15162895,1677283426573,true
6491204,0.2413000,12216,15162896,15162900,1677283426573,true
6491205,0.2412000,15055,15162901,15162907,1677283426573,true
6491206,0.2411000,9829,15162908,15162911,1677283426573,true
6491207,0.2410000,10283,15162912,15162917,1677283426573,true
6491208,0.2409000,12511,15162918,15162923,1677283426573,true
6491209,0.2408000,11611,15162924,15162928,1677283426573,true
6491210,0.2407000,9130,15162929,15162932,1677283426573,true
6491211,0.2414000,4791,15162933,15162933,1677283426585,true
6491212,0.2412000,1215,15162934,15162934,1677283426589,true
6491213,0.2413000,1090,15162935,15162935,1677283426590,true
6491214,0.2412000,774,15162936,15162936,1677283426595,true
6491215,0.2410000,5577,15162937,15162938,1677283426595,true
6491216,0.2413000,6032,15162939,15162940,1677283426602,false
6491217,0.2410000,2075,15162941,15162942,1677283426613,true
6491218,0.2409000,4474,15162943,15162946,1677283426643,true
6491219,0.2408000,485,15162947,15162948,1677283426648,true
6491220,0.2407000,3316,15162949,15162950,1677283426648,true
6491221,0.2407000,841,15162951,15162952,1677283426789,true
6491222,0.2408000,2059,15162953,15162953,1677283426918,false
6491223,0.2410000,4604,15162954,15162958,1677283427005,false
6491224,0.2410000,464,15162959,15162959,1677283427163,true
6491225,0.2409000,879,15162960,15162961,1677283427592,true
6491226,0.2407000,3111,15162962,15162962,1677283428082,true
6491227,0.2407000,500,15162963,15162963,1677283428288,true
6491228,0.2408000,2986,15162964,15162966,1677283428520,false
6491229,0.2407000,2992,15162967,15162971,1677283428803,true
6491230,0.2408000,3238,15162972,15162974,1677283429600,false
6491231,0.2409000,3966,15162975,15162978,1677283429600,false
6491232,0.2409000,118,15162979,15162979,1677283429780,false
6491233,0.2408000,7142,15162980,15162980,1677283429932,true
6491234,0.2409000,347,15162981,15162981,1677283430299,false
6491235,0.2409000,538,15162982,15162982,1677283431515,false
6491236,0.2408000,1942,15162983,15162983,1677283431541,true
6491237,0.2409000,221,15162984,15162984,1677283431810,false
6491238,0.2409000,8355,15162985,15162988,1677283432624,false
6491239,0.2410000,1080,15162989,15162989,1677283432831,false
6491240,0.2410000,1911,15162990,15162990,1677283433836,false
6491241,0.2410000,319,15162991,15162992,1677283434018,false
6491242,0.2411000,433,15162993,15162994,1677283434018,false
6491243,0.2411000,180,15162995,15162995,1677283435500,false
6491244,0.2410000,1658,15162996,15162996,1677283435592,true
6491245,0.2411000,449,15162997,15162997,1677283436641,false
6491246,0.2411000,12318,15162998,15162999,1677283437711,false
6491247,0.2410000,278,15163000,15163000,1677283440136,true
6491248,0.2411000,17531,15163001,15163007,1677283440594,false
6491249,0.2410000,111,15163008,15163008,1677283440784,true
6491250,0.2410000,2488,15163009,15163009,1677283440889,true
6491251,0.2411000,5726,15163010,15163014,1677283441454,false
6491252,0.2411000,1067,15163015,15163015,1677283441573,false
6491253,0.2412000,41,15163016,15163016,1677283442076,false
6491254,0.2413000,306,15163017,15163017,1677283442076,false
6491255,0.2413000,347,15163018,15163018,1677283442491,false
6491256,0.2413000,180,15163019,15163019,1677283442732,false
6491257,0.2412000,515,15163020,15163020,1677283442751,true
6491258,0.2412000,174,15163021,15163021,1677283443118,true
6491259,0.2412000,1067,15163022,15163023,1677283443378,true
6491260,0.2413000,1200,15163024,15163025,1677283443424,false
6491261,0.2412000,915,15163026,15163027,1677283443494,true
6491262,0.2413000,343,15163028,15163028,1677283443765,false
6491263,0.2412000,1469,15163029,15163029,1677283443887,true
6491264,0.2413000,10770,15163030,15163036,1677283444423,false
6491265,0.2413000,26,15163037,15163037,1677283444517,true
6491266,0.2414000,1367,15163038,15163039,1677283444687,false
6491267,0.2413000,15198,15163040,15163044,1677283445781,true
6491268,0.2412000,3162,15163045,15163045,1677283445794,true
6491269,0.2412000,473,15163046,15163046,1677283445906,true
6491270,0.2413000,752,15163047,15163047,1677283446116,false
6491271,0.2412000,473,15163048,15163048,1677283446151,true
6491272,0.2413000,314,15163049,15163049,1677283446326,false
6491273,0.2412000,1050,15163050,15163050,1677283446619,true
6491274,0.2412000,290,15163051,15163051,1677283447540,true
6491275,0.2412000,83,15163052,15163052,1677283448826,true
6491276,0.2412000,912,15163053,15163054,1677283449965,true
6491277,0.2413000,3146,15163055,15163057,1677283451727,false
6491278,0.2413000,2185,15163058,15163060,1677283451867,false
6491279,0.2412000,249,15163061,15163061,1677283451909,true
6491280,0.2413000,9171,15163062,15163064,1677283453752,false
6491281,0.2414000,343,15163065,15163065,1677283453877,false
6491282,0.2414000,2434,15163066,15163068,1677283454028,false
6491283,0.2415000,347,15163069,15163069,1677283454189,false
6491284,0.2414000,786,15163070,15163070,1677283454210,true
6491285,0.2415000,1200,15163071,15163072,1677283454690,false
6491286,0.2415000,496,15163073,15163073,1677283455068,false
6491287,0.2415000,1141,15163074,15163075,1677283455529,false
6491288,0.2415000,913,15163076,15163077,1677283455882,false
6491289,0.2416000,1126,15163078,15163078,1677283455932,true
6491290,0.2416000,1050,15163079,15163079,1677283456377,true
6491291,0.2417000,591,15163080,15163081,1677283456808,false
6491292,0.2416000,1680,15163082,15163083,1677283457091,true
6491293,0.2417000,2174,15163084,15163086,1677283457218,false
6491294,0.2416000,6194,15163087,15163088,1677283457340,true
6491295,0.2415000,289,15163089,15163089,1677283457451,true
6491296,0.2416000,1405,15163090,15163091,1677283457803,false
6491297,0.2417000,1503,15163092,15163093,1677283457803,false
6491298,0.2416000,289,15163094,15163094,1677283458358,true
6491299,0.2416000,621,15163095,15163095,1677283458637,false
6491300,0.2415000,414,15163096,15163096,1677283459271,true
6491301,0.2416000,22,15163097,15163097,1677283459365,false
6491302,0.2416000,314,15163098,15163098,1677283459512,false
6491303,0.2416000,209,15163099,15163099,1677283460704,false
6491304,0.2416000,1884,15163100,15163103,1677283461697,false
6491305,0.2416000,493,15163104,15163104,1677283462250,false
6491306,0.2416000,1200,15163105,15163105,1677283462894,false
6491307,0.2415000,16113,15163106,15163110,1677283463847,true
6491308,0.2416000,1099,15163111,15163113,1677283464329,false
6491309,0.2416000,6386,15163114,15163116,1677283464652,false
6491310,0.2416000,286,15163117,15163117,1677283464909,false
6491311,0.2415000,10304,15163118,15163119,1677283466343,true
6491312,0.2414000,7270,15163120,15163124,1677283466343,true
6491313,0.2413000,19306,15163125,15163127,1677283466343,true
6491314,0.2413000,155,15163128,15163128,1677283466520,true
6491315,0.2413000,507,15163129,15163130,1677283466875,true
6491316,0.2412000,499,15163131,15163132,1677283466875,true
6491317,0.2412000,2176,15163133,15163135,1677283467650,false
6491318,0.2413000,3075,15163136,15163138,1677283467689,false
6491319,0.2414000,13855,15163139,15163143,1677283467689,false
6491320,0.2413000,343,15163144,15163144,1677283468065,false
6491321,0.2413000,4617,15163145,15163146,1677283468192,false
6491322,0.2414000,586,15163147,15163147,1677283468990,false
6491323,0.2413000,4,15163148,15163148,1677283469541,true
6491324,0.2414000,3043,15163149,15163149,1677283469615,false
6491325,0.2414000,3953,15163150,15163152,1677283470640,false
6491326,0.2415000,829,15163153,15163154,1677283470646,false
6491327,0.2415000,1050,15163155,15163156,1677283471037,true
6491328,0.2416000,944,15163157,15163158,1677283471065,false
6491329,0.2417000,256,15163159,15163159,1677283471065,false
6491330,0.2416000,779,15163160,15163161,1677283471523,true
6491331,0.2415000,1259,15163162,15163164,1677283472368,true
6491332,0.2416000,551,15163165,15163166,1677283472473,false
6491333,0.2415000,8361,15163167,15163170,1677283473279,true
6491334,0.2413000,2480,15163171,15163171,1677283475542,true
6491335,0.2414000,493,15163172,15163173,1677283476358,false
6491336,0.2414000,752,15163174,15163174,1677283477436,false
6491337,0.2414000,577,15163175,15163175,1677283478452,false
6491338,0.2413000,6619,15163176,15163177,1677283478576,true
6491339,0.2412000,11721,15163178,15163180,1677283478576,true
6491340,0.2411000,1219,15163181,15163183,1677283478585,true
6491341,0.2410000,10843,15163184,15163189,1677283478670,true
6491342,0.2409000,1066,15163190,15163191,1677283478709,true
6491343,0.2408000,5857,15163192,15163197,1677283478709,true
6491344,0.2408000,660,15163198,15163198,1677283478879,true
6491345,0.2408000,586,15163199,15163199,1677283479112,false
6491346,0.2407000,107,15163200,15163200,1677283479199,true
6491347,0.2408000,1200,15163201,15163201,1677283479223,false
6491348,0.2407000,542,15163202,15163203,1677283479412,true
6491349,0.2408000,471,15163204,15163204,1677283479556,false
6491350,0.2408000,2442,15163205,15163205,1677283479751,false
6491351,0.2407000,3443,15163206,15163207,1677283479786,false
6491352,0.2406000,6354,15163208,15163210,1677283480079,true
6491353,0.2407000,6111,15163211,15163213,1677283480581,false
6491354,0.2408000,7179,15163214,15163218,1677283480581,false
6491355,0.2407000,393,15163219,15163219,1677283480653,true
6491356,0.2408000,314,15163220,15163220,1677283481296,false
6491357,0.2408000,343,15163221,15163221,1677283481814,false
6491358,0.2407000,1536,15163222,15163223,1677283481856,true
6491359,0.2406000,12092,15163224,15163229,1677283481857,true
6491360,0.2405000,7224,15163230,15163236,1677283481858,true
6491361,0.2404000,750,15163237,15163237,1677283481858,true
6491362,0.2406000,50,15163238,15163238,1677283481869,true
6491363,0.2405000,5538,15163239,15163239,1677283481891,true
6491364,0.2406000,2316,15163240,15163240,1677283481893,false
6491365,0.2405000,2919,15163241,15163245,1677283482085,false
6491366,0.2406000,4594,15163246,15163249,1677283482745,false
6491367,0.2407000,9297,15163250,15163254,1677283482750,false
6491368,0.2408000,1940,15163255,15163257,1677283482772,false
6491369,0.2409000,8134,15163258,15163259,1677283482775,false
6491370,0.2410000,1495,15163260,15163261,1677283482785,false
6491371,0.2411000,1043,15163262,15163262,1677283482785,false
6491372,0.2409000,2391,15163263,15163264,1677283483093,true
6491373,0.2408000,6545,15163265,15163267,1677283483093,true
6491374,0.2407000,1459,15163268,15163268,1677283483093,true
6491375,0.2408000,1314,15163269,15163269,1677283483186,true
6491376,0.2407000,7200,15163270,15163272,1677283483186,true
6491377,0.2406000,1105,15163273,15163274,1677283483186,true
6491378,0.2406000,4166,15163275,15163276,1677283483363,true
6491379,0.2406000,237,15163277,15163277,1677283483803,true
6491380,0.2405000,12326,15163278,15163279,1677283483803,true
6491381,0.2404000,4223,15163280,15163283,1677283483803,true
6491382,0.2405000,3506,15163284,15163285,1677283483843,false
6491383,0.2405000,4740,15163286,15163286,1677283483907,true
6491384,0.2404000,3157,15163287,15163288,1677283483907,true
6491385,0.2403000,15427,15163289,15163300,1677283483908,true
6491386,0.2402000,4768,15163301,15163304,1677283483909,true
6491387,0.2401000,8721,15163305,15163313,1677283483909,true
6491388,0.2400000,1300,15163314,15163319,1677283483916,true
6491389,0.2403000,4065,15163320,15163320,1677283483917,false
6491390,0.2401000,1981,15163321,15163322,1677283483967,true
6491391,0.2400000,1156,15163323,15163323,1677283483967,true
6491392,0.2399000,4815,15163324,15163326,1677283483967,true
6491393,0.2400000,5838,15163327,15163329,1677283484192,true
6491394,0.2399000,6947,15163330,15163330,1677283484192,true
6491395,0.2399000,7155,15163331,15163334,1677283484344,true
6491396,0.2398000,594,15163335,15163337,1677283484390,true
6491397,0.2397000,2358,15163338,15163341,1677283484390,true
6491398,0.2396000,6121,15163342,15163348,1677283484390,true
6491399,0.2397000,493,15163349,15163349,1677283484437,false
6491400,0.2396000,2198,15163350,15163352,1677283484491,true
6491401,0.2397000,204,15163353,15163353,1677283484661,false
6491402,0.2396000,41,15163354,15163354,1677283484745,true
6491403,0.2396000,107,15163355,15163355,1677283485093,true
6491404,0.2395000,1905,15163356,15163358,1677283485418,true
6491405,0.2394000,51,15163359,15163359,1677283485420,true
6491406,0.2396000,3497,15163360,15163360,1677283485425,false
6491407,0.2395000,2415,15163361,15163362,1677283485425,false
6491408,0.2396000,6672,15163363,15163365,1677283485425,false
6491409,0.2395000,418,15163366,15163366,1677283485491,true
6491410,0.2396000,3601,15163367,15163368,1677283485494,false
6491411,0.2397000,3567,15163369,15163372,1677283485536,false
6491412,0.2397000,1148,15163373,15163373,1677283485601,true
6491413,0.2396000,1148,15163374,15163374,1677283485601,true
6491414,0.2395000,1466,15163375,15163376,1677283485601,true
6491415,0.2396000,473,15163377,15163378,1677283485706,true
6491416,0.2397000,28,15163379,15163379,1677283486065,true
6491417,0.2398000,835,15163380,15163380,1677283486130,false
6491418,0.2398000,290,15163381,15163381,1677283486144,true
6491419,0.2399000,2593,15163382,15163384,1677283486220,false
6491420,0.2399000,1048,15163385,15163385,1677283486235,true
6491421,0.2400000,586,15163386,15163386,1677283486238,false
6491422,0.2400000,1200,15163387,15163389,1677283486344,false
6491423,0.2399000,117,15163390,15163390,1677283486435,true
6491424,0.2400000,347,15163391,15163391,1677283486691,false
6491425,0.2399000,279,15163392,15163392,1677283487232,true
6491426,0.2399000,73,15163393,15163393,1677283487467,true
6491427,0.2400000,2268,15163394,15163397,1677283487619,false
6491428,0.2401000,166,15163398,15163398,1677283488219,false
6491429,0.2401000,249,15163399,15163399,1677283488488,false
6491430,0.2400000,718,15163400,15163400,1677283488505,true
6491431,0.2399000,2515,15163401,15163403,1677283488505,true
6491432,0.2399000,3283,15163404,15163405,1677283489145,false
6491433,0.2399000,520,15163406,15163406,1677283489258,true
6491434,0.2400000,314,15163407,15163407,1677283490405,false
6491435,0.2400000,752,15163408,15163408,1677283490657,false
6491436,0.2400000,23,15163409,15163409,1677283491135,true
6491437,0.2400000,291,15163410,15163410,1677283491784,true
6491438,0.2401000,343,15163411,15163411,1677283491978,false
6491439,0.2400000,105,15163412,15163413,1677283492998,true
6491440,0.2400000,9509,15163414,15163419,1677283494400,true
6491441,0.2401000,586,15163420,15163420,1677283494459,false
6491442,0.2400000,910,15163421,15163421,1677283494459,true
6491443,0.2400000,204,15163422,15163422,1677283494767,false
6491444,0.2399000,286,15163423,15163423,1677283495921,true
6491445,0.2400000,1693,15163424,15163426,1677283497546,false
6491446,0.2400000,234,15163427,15163427,1677283497666,false
6491447,0.2400000,448,15163428,15163428,1677283498490,true
6491448,0.2401000,314,15163429,15163429,1677283499561,false
6491449,0.2400000,9862,15163430,15163433,1677283499573,true
6491450,0.2399000,5597,15163434,15163437,1677283499684,true
6491451,0.2398000,60,15163438,15163438,1677283499935,true
6491452,0.2397000,444,15163439,15163439,1677283500030,true
6491453,0.2396000,307,15163440,15163441,1677283500147,true
6491454,0.2396000,6953,15163442,15163448,1677283500279,true
6491455,0.2396000,25,15163449,15163449,1677283500457,true
6491456,0.2396000,542,15163450,15163450,1677283501752,true
6491457,0.2397000,642,15163451,15163451,1677283502648,false
6491458,0.2397000,645,15163452,15163453,1677283502965,false
6491459,0.2397000,586,15163454,15163455,1677283503632,false
6491460,0.2396000,19,15163456,15163456,1677283504050,true
6491461,0.2396000,757,15163457,15163457,1677283504179,true
6491462,0.2396000,251,15163458,15163458,1677283504595,true
6491463,0.2396000,227,15163459,15163459,1677283505521,true
6491464,0.2396000,13020,15163460,15163464,1677283505669,true
6491465,0.2395000,4386,15163465,15163466,1677283505669,true
6491466,0.2394000,204,15163467,15163467,1677283506047,false
6491467,0.2394000,343,15163468,15163468,1677283506151,false
6491468,0.2393000,10565,15163469,15163471,1677283506375,true
6491469,0.2394000,3991,15163472,15163475,1677283507130,false
6491470,0.2395000,34894,15163476,15163486,1677283507227,false
6491471,0.2396000,780,15163487,15163488,1677283507268,false
6491472,0.2397000,493,15163489,15163489,1677283507640,false
6491473,0.2397000,233,15163490,15163490,1677283507863,false
6491474,0.2396000,9653,15163491,15163493,1677283507922,true
6491475,0.2395000,292,15163494,15163494,1677283507944,true
6491476,0.2395000,1657,15163495,15163496,1677283508182,true
6491477,0.2394000,5564,15163497,15163498,1677283508197,true
6491478,0.2393000,6061,15163499,15163499,1677283508333,true
6491479,0.2394000,536,15163500,15163500,1677283508488,true
6491480,0.2393000,1607,15163501,15163501,1677283508490,true
6491481,0.2394000,3364,15163502,15163502,1677283508496,false
6491482,0.2393000,39885,15163503,15163512,1677283508496,true
6491483,0.2392000,835,15163513,15163513,1677283508670,true
6491484,0.2391000,440,15163514,15163517,1677283508670,true
6491485,0.2390000,1065,15163518,15163521,1677283508670,true
6491486,0.2391000,584,15163522,15163522,1677283509187,false
6491487,0.2391000,8280,15163523,15163525,1677283509418,false
6491488,0.2392000,2735,15163526,15163527,1677283509424,false
6491489,0.2393000,2432,15163528,15163532,1677283509437,false
6491490,0.2394000,820,15163533,15163534,1677283509497,false
6491491,0.2395000,11262,15163535,15163542,1677283509497,false
6491492,0.2396000,3153,15163543,15163545,1677283509519,false
6491493,0.2394000,37,15163546,15163546,1677283509568,true
6491494,0.2395000,1271,15163547,15163547,1677283509590,false
6491495,0.2395000,1154,15163548,15163548,1677283510149,true
6491496,0.2394000,60,15163549,15163549,1677283510158,true
6491497,0.2393000,4740,15163550,15163552,1677283510164,true
6491498,0.2393000,780,15163553,15163554,1677283510412,true
6491499,0.2392000,122,15163555,15163555,1677283510412,true
6491500,0.2393000,208,15163556,15163556,1677283510779,true
6491501,0.2394000,586,15163557,15163557,1677283510803,false
6491502,0.2394000,720,15163558,15163558,1677283511169,true
6491503,0.2393000,330,15163559,15163559,1677283511169,true
6491504,0.2393000,362,15163560,15163560,1677283512522,true
6491505,0.2393000,899,15163561,15163563,1677283513061,true
6491506,0.2394000,209,15163564,15163564,1677283513657,false
6491507,0.2395000,105,15163565,15163565,1677283513657,false
6491508,0.2394000,204,15163566,15163566,1677283514222,false
6491509,0.2393000,3733,15163567,15163568,1677283514421,true
6491510,0.2392000,2535,15163569,15163571,1677283514422,true
6491511,0.2393000,343,15163572,15163572,1677283515314,false
6491512,0.2393000,2106,15163573,15163574,1677283515531,false
6491513,0.2394000,4199,15163575,15163576,1677283515531,false
6491514,0.2392000,14050,15163577,15163582,1677283515532,true
6491515,0.2391000,1201,15163583,15163583,1677283515547,true
6491516,0.2391000,369,15163584,15163584,1677283515938,true
6491517,0.2390000,369,15163585,15163586,1677283517496,true
6491518,0.2390000,6273,15163587,15163587,1677283517704,true
6491519,0.2391000,233,15163588,15163588,1677283517973,false
6491520,0.2391000,10728,15163589,15163595,1677283518228,false
6491521,0.2392000,781,15163596,15163597,1677283518320,false
6491522,0.2393000,4413,15163598,15163600,1677283518415,false
6491523,0.2392000,473,15163601,15163601,1677283519057,true
6491524,0.2391000,589,15163602,15163602,1677283519384,true
6491525,0.2392000,126,15163603,15163603,1677283519508,false
6491526,0.2393000,7792,15163604,15163606,1677283519508,false
6491527,0.2394000,493,15163607,15163607,1677283519737,false
6491528,0.2393000,292,15163608,15163608,1677283519793,true
6491529,0.2393000,1422,15163609,15163611,1677283520269,true
6491530,0.2393000,3657,15163612,15163613,1677283520425,true
6491531,0.2392000,6703,15163614,15163615,1677283520425,true
6491532,0.2389000,1050,15163616,15163617,1677283520793,true
6491533,0.2388000,888,15163618,15163619,1677283521550,true
6491534,0.2388000,1327,15163620,15163622,1677283521714,true
6491535,0.2389000,2732,15163623,15163623,1677283521824,false
6491536,0.2388000,1276,15163624,15163626,1677283522073,true
6491537,0.2387000,8632,15163627,15163632,1677283522073,true
6491538,0.2386000,1887,15163633,15163635,1677283522073,true
6491539,0.2386000,5312,15163636,15163637,1677283522289,true
6491540,0.2386000,1143,15163638,15163638,1677283523524,true
6491541,0.2387000,633,15163639,15163639,1677283523651,false
6491542,0.2386000,90,15163640,15163640,1677283523924,true
6491543,0.2385000,467,15163641,15163642,1677283523924,true
6491544,0.2386000,3389,15163643,15163645,1677283524038,false
6491545,0.2387000,204,15163646,15163646,1677283525411,false
6491546,0.2386000,180,15163647,15163647,1677283526224,true
6491547,0.2387000,462,15163648,15163648,1677283526612,false
6491548,0.2386000,634,15163649,15163649,1677283526708,true
6491549,0.2387000,4839,15163650,15163654,1677283527520,false
6491550,0.2388000,2634,15163655,15163656,1677283527520,false
6491551,0.2388000,233,15163657,15163657,1677283528111,false
6491552,0.2387000,293,15163658,15163659,1677283528418,true
6491553,0.2387000,473,15163660,15163660,1677283528911,true
6491554,0.2387000,80,15163661,15163662,1677283529504,true
6491555,0.2386000,213,15163663,15163663,1677283529504,true
6491556,0.2386000,293,15163664,15163665,1677283530558,true
6491557,0.2387000,1236,15163666,15163666,1677283531056,false
6491558,0.2386000,293,15163667,15163667,1677283531723,true
6491559,0.2387000,2749,15163668,15163670,1677283531746,false
6491560,0.2387000,1428,15163671,15163671,1677283533495,false
6491561,0.2387000,633,15163672,15163672,1677283533834,false
6491562,0.2387000,658,15163673,15163674,1677283534019,false
6491563,0.2388000,23475,15163675,15163683,1677283534019,false
6491564,0.2389000,2106,15163684,15163685,1677283534143,false
6491565,0.2390000,414,15163686,15163686,1677283534143,false
6491566,0.2389000,702,15163687,15163687,1677283534550,true
6491567,0.2390000,75,15163688,15163688,1677283535052,false
6491568,0.2389000,293,15163689,15163689,1677283535836,true
6491569,0.2389000,634,15163690,15163691,1677283536563,true
6491570,0.2389000,2380,15163692,15163694,1677283536694,true
6491571,0.2389000,433,15163695,15163695,1677283537195,false
6491572,0.2388000,836,15163696,15163696,1677283537365,true
6491573,0.2389000,973,15163697,15163697,1677283537976,false
6491574,0.2389000,233,15163698,15163700,1677283538315,false
6491575,0.2389000,126,15163701,15163701,1677283539629,false
6491576,0.2390000,4416,15163702,15163704,1677283539629,false
6491577,0.2391000,12556,15163705,15163712,1677283539629,false
6491578,0.2392000,2184,15163713,15163714,1677283539629,false
6491579,0.2392000,1567,15163715,15163717,1677283540493,false
6491580,0.2393000,3114,15163718,15163719,1677283540493,false
6491581,0.2392000,292,15163720,15163720,1677283540579,true
6491582,0.2392000,292,15163721,15163721,1677283541519,true
6491583,0.2393000,96,15163722,15163722,1677283542336,false
6491584,0.2393000,40,15163723,15163723,1677283542654,false
6491585,0.2392000,8431,15163724,15163725,1677283542913,true
6491586,0.2393000,281,15163726,15163726,1677283543188,false
6491587,0.2394000,951,15163727,15163727,1677283543188,false
6491588,0.2394000,51,15163728,15163728,1677283543593,true
6491589,0.2395000,4195,15163729,15163733,1677283543612,false
6491590,0.2396000,6165,15163734,15163739,1677283543612,false
6491591,0.2395000,350,15163740,15163740,1677283544010,false
6491592,0.2394000,668,15163741,15163741,1677283544710,true
6491593,0.2395000,293,15163742,15163742,1677283544914,false
6491594,0.2395000,9891,15163743,15163744,1677283545418,false
6491595,0.2397000,3224,15163745,15163745,1677283545540,false
6491596,0.2397000,633,15163746,15163746,1677283545960,false
6491597,0.2396000,292,15163747,15163747,1677283546308,true
6491598,0.2396000,6596,15163748,15163751,1677283546669,true
6491599,0.2396000,437,15163752,15163752,1677283546827,true
6491600,0.2396000,660,15163753,15163754,1677283547393,true
6491601,0.2395000,1545,15163755,15163756,1677283547647,false
6491602,0.2396000,3639,15163757,15163757,1677283547647,false
6491603,0.2395000,292,15163758,15163758,1677283548072,true
6491604,0.2395000,327,15163759,15163759,1677283548334,true
6491605,0.2395000,158,15163760,15163760,1677283549219,true
6491606,0.2396000,233,15163761,15163761,1677283549490,false
6491607,0.2396000,1232,15163762,15163763,1677283551367,false
6491608,0.2396000,3782,15163764,15163768,1677283552481,false
6491609,0.2395000,9636,15163769,15163771,1677283552602,true
6491610,0.2394000,34,15163772,15163772,1677283552922,false
6491611,0.2394000,91,15163773,15163773,1677283553536,false
6491612,0.2393000,2891,15163774,15163776,1677283554363,true
6491613,0.2392000,204,15163777,15163777,1677283554363,true
6491614,0.2393000,633,15163778,15163778,1677283555209,false
6491615,0.2392000,2897,15163779,15163782,1677283558637,true
6491616,0.2393000,233,15163783,15163783,1677283558681,false
6491617,0.2391000,2036,15163784,15163787,1677283560206,true
6491618,0.2392000,140,15163788,15163788,1677283560399,false
6491619,0.2392000,8353,15163789,15163796,1677283561862,false
6491620,0.2393000,7886,15163797,15163800,1677283561862,false
6491621,0.2391000,14,15163801,15163801,1677283561866,true
6491622,0.2390000,1281,15163802,15163804,1677283561866,true
6491623,0.2393000,1007,15163805,15163806,1677283562725,false
6491624,0.2393000,802,15163807,15163808,1677283562967,false
6491625,0.2394000,104,15163809,15163809,1677283562967,false
6491626,0.2393000,34,15163810,15163810,1677283565110,false
6491627,0.2392000,4042,15163811,15163817,1677283565468,true
6491628,0.2392000,82,15163818,15163818,1677283565580,true
6491629,0.2392000,1232,15163819,15163819,1677283565718,false
6491630,0.2391000,660,15163820,15163820,1677283566240,false
6491631,0.2391000,633,15163821,15163821,1677283568367,false
6491632,0.2391000,1300,15163822,15163824,1677283568492,false
6491633,0.2391000,639,15163825,15163825,1677283569824,false
6491634,0.2391000,639,15163826,15163826,1677283570024,false
6491635,0.2391000,639,15163827,15163827,1677283570225,false
6491636,0.2391000,1319,15163828,15163828,1677283570547,false
6491637,0.2391000,91,15163829,15163829,1677283571839,false
6491638,0.2390000,497,15163830,15163830,1677283571873,true
6491639,0.2390000,994,15163831,15163831,1677283572068,true
6491640,0.2389000,1302,15163832,15163833,1677283572069,true
6491641,0.2388000,2517,15163834,15163837,1677283572107,true
6491642,0.2388000,2554,15163838,15163839,1677283572932,true
6491643,0.2389000,1000,15163840,15163840,1677283573062,false
6491644,0.2388000,504,15163841,15163842,1677283573320,true
6491645,0.2388000,1461,15163843,15163843,1677283573438,true
6491646,0.2388000,3275,15163844,15163846,1677283573488,false
6491647,0.2389000,2406,15163847,15163851,1677283573488,false
6491648,0.2390000,6645,15163852,15163853,1677283573488,false
6491649,0.2390000,1232,15163854,15163854,1677283574429,false
6491650,0.2389000,6448,15163855,15163856,1677283575454,true
6491651,0.2390000,34,15163857,15163857,1677283578283,false
6491652,0.2390000,633,15163858,15163858,1677283581618,false
6491653,0.2390000,10058,15163859,15163861,1677283584299,false
6491654,0.2390000,3211,15163862,15163863,1677283584493,true
6491655,0.2391000,7586,15163864,15163868,1677283584551,false
6491656,0.2392000,2356,15163869,15163871,1677283584790,false
6491657,0.2392000,91,15163872,15163872,1677283584950,false
6491658,0.2392000,205,15163873,15163873,1677283585482,false
6491659,0.2393000,7590,15163874,15163879,1677283585482,false
6491660,0.2394000,18871,15163880,15163891,1677283585482,false
6491661,0.2395000,16415,15163892,15163901,1677283585482,false
6491662,0.2396000,24082,15163902,15163908,1677283585482,false
6491663,0.2397000,24299,15163909,15163919,1677283585482,false
6491664,0.2398000,9352,15163920,15163923,1677283585482,false
6491665,0.2399000,467,15163924,15163924,1677283585482,false
6491666,0.2396000,1352,15163925,15163925,1677283585498,false
6491667,0.2397000,1352,15163926,15163926,1677283585498,false
6491668,0.2398000,6648,15163927,15163928,1677283585509,false
6491669,0.2398000,4172,15163929,15163929,1677283585517,true
6491670,0.2397000,1,15163930,15163930,1677283585517,true
6491671,0.2399000,11949,15163931,15163937,1677283585521,false
6491672,0.2399000,1256,15163938,15163938,1677283585554,true
6491673,0.2399000,660,15163939,15163939,1677283585668,false
6491674,0.2400000,2866,15163940,15163943,1677283585673,false
6491675,0.2401000,1147,15163944,15163945,1677283586018,false
6491676,0.2402000,6896,15163946,15163948,1677283586074,false
6491677,0.2402000,1462,15163949,15163949,1677283586172,true
6491678,0.2401000,434,15163950,15163950,1677283586175,true
6491679,0.2402000,6596,15163951,15163956,1677283586314,true
6491680,0.2402000,1412,15163957,15163957,1677283586732,true
6491681,0.2403000,2284,15163958,15163961,1677283587566,false
6491682,0.2402000,83,15163962,15163962,1677283587686,true
6491683,0.2403000,1604,15163963,15163964,1677283589059,false
6491684,0.2404000,4787,15163965,15163968,1677283589060,false
6491685,0.2405000,2180,15163969,15163970,1677283589060,false
6491686,0.2405000,1882,15163971,15163972,1677283590316,false
6491687,0.2405000,291,15163973,15163973,1677283590766,true
6491688,0.2406000,1922,15163974,15163976,1677283592002,false
6491689,0.2407000,44126,15163977,15163992,1677283592006,false
6491690,0.2408000,1232,15163993,15163995,1677283592275,false
6491691,0.2407000,83,15163996,15163996,1677283592329,true
6491692,0.2408000,139,15163997,15163997,1677283592354,false
6491693,0.2409000,6435,15163998,15164004,1677283592354,false
6491694,0.2410000,5967,15164005,15164008,1677283592354,false
6491695,0.2409000,34,15164009,15164009,1677283592455,false
6491696,0.2408000,8871,15164010,15164013,1677283593964,true
6491697,0.2407000,8361,15164014,15164018,1677283593981,true
6491698,0.2406000,7375,15164019,15164024,1677283593990,true
6491699,0.2405000,3548,15164025,15164030,1677283593997,true
6491700,0.2404000,948,15164031,15164032,1677283594067,true
6491701,0.2405000,1002,15164033,15164035,1677283595035,false
6491702,0.2405000,41,15164036,15164036,1677283595196,false
6491703,0.2404000,112,15164037,15164037,1677283595210,true
6491704,0.2404000,290,15164038,15164038,1677283595320,true
6491705,0.2405000,2792,15164039,15164041,1677283596112,false
6491706,0.2406000,303,15164042,15164043,1677283596112,false
6491707,0.2405000,290,15164044,15164044,1677283596333,true
6491708,0.2405000,91,15164045,15164045,1677283597122,false
6491709,0.2404000,290,15164046,15164046,1677283597334,true
6491710,0.2404000,14962,15164047,15164051,1677283599144,true
6491711,0.2403000,7520,15164052,15164057,1677283599157,true
6491712,0.2402000,1135,15164058,15164059,1677283599175,true
6491713,0.2401000,7317,15164060,15164064,1677283599180,true
6491714,0.2400000,6855,15164065,15164069,1677283599180,true
6491715,0.2400000,245,15164070,15164070,1677283599700,false
6491716,0.2401000,1196,15164071,15164072,1677283599700,false
6491717,0.2402000,5276,15164073,15164074,1677283599782,false
6491718,0.2403000,4371,15164075,15164075,1677283599782,false
6491719,0.2402000,199,15164076,15164077,1677283600211,true
6491720,0.2402000,620,15164078,15164078,1677283600487,false
6491721,0.2401000,315,15164079,15164079,1677283601610,true
6491722,0.2403000,34,15164080,15164080,1677283603642,false
6491723,0.2403000,90,15164081,15164081,1677283604408,false
6491724,0.2403000,91,15164082,15164082,1677283605312,false
6491725,0.2403000,1585,15164083,15164083,1677283607974,false
6491726,0.2402000,588,15164084,15164084,1677283608635,true
6491727,0.2402000,20,15164085,15164085,1677283608845,true
6491728,0.2401000,1050,15164086,15164086,1677283609527,true
6491729,0.2402000,844,15164087,15164087,1677283610196,false
